2378 3864
466 192 652 236 anamale-
1034 197 1054 240 v

67 305 166 355 Victor.
184 302 257 355 Gaea.
275 306 317 366 24,
330 307 346 358 3
368 308 449 356 ceteri
464 321 557 370 amaea,
578 308 638 359 boat
653 310 761 374 malique
778 309 874 359 3331133
892 316 968 375 atque
984 313 1054 376 iano·

66 372 131 422 31133
149 373 265 422 coniecit.
282 399 315 410 -
333 375 431 437 3313.
449 372 555 491 alimini]
575 376 689 429 utemini.
724 374 883 439 Quamquam
901 377 978 441 paulo
996 391 1054 431 ante

65 441 204 492 hortantia·
221 454 253 489 cx
271 440 329 506 Vpa
348 442 524 506 recipiundum
554 444 599 493 uit.
616 469 651 480 —
672 445 713 502 22,
726 446 750 492 2.
773 443 835 492 Post
852 443 919 493 aria.
938 444 1054 507 Riuchiit

65 508 224 573 praeclaram
247 507 448 572 diaputatioucm
471 509 548 568 (3133.
566 510 647 566 Rhea,
667 509 763 561 xxia
786 525 812 576 p.
829 510 943 574 31133.)
968 527 1053 576 nemo,

64 576 169 692 offiium,
188 589 249 692 ιιιὲιὲι
265 574 331 692 :deo
349 576 556 708 autiquiaaiurJnu5
571 577 746 694 ligengloeeia
758 578 907 693 iuqulinatm
919 579 962 640 eit,
979 580 1054 698 3331-

109 658 188 696 ι,-
245 658 498 707 ,4333333333
557 659 590 694 33
653 659 743 695 omme.
766 659 832 700 333.
885 662 1008 698 333333
1027 662 1050 706 3,

65 711 174 775 probaro
192 723 244 758 uon
262 710 341 774 potui,
361 724 418 758 cum
436 711 499 760 mihi
511 726 563 760 333
575 722 711 772 constaret,
730 663 886 762 mirumst
898 662 955 763 aqliio
967 725 1054 764 aucto-

64 778 146 836 ribus,
165 792 241 839 quam
260 791 306 841 par
324 775 428 826 Curium
446 778 578 843 quidpiam
596 794 626 829 co
646 780 758 833 novicae.
777 805 809 816 -
831 783 873 843 33,
885 783 909 832 3.
928 777 1052 849 lubidine]

65 843 85 893 1.
104 859 136 893 ex
153 843 172 894 P
191 843 283 895 lubido.
307 869 339 881 -
363 845 405 903 33,
417 846 441 896 3.
462 796 646 916 [333331133εῇ
669 849 689 898 1.
707 848 763 896 aina
785 848 867 897 uncle.
903 847 959 912 Ego
982 847 1053 900 113313

64 911 278 969 minueconiido,
296 926 374 973 quam
392 921 420 961 ιιι
436 909 585 963 Sallustium
604 917 639 963 ita
656 929 794 964 vaeeanum
812 914 931 975 iudicem,
957 925 985 965 ut
1002 929 1053 967 uuo

63 988 153 1028 tenore
170 977 304 1028 Catilinam
322 980 412 1028 ambos
430 981 548 1030 33333133
566 981 705 1032 interficere
722 982 835 1032 voluisse
853 992 974 1041 narraret,
996 998 1054 1033 cum

65 1046 144 1096 modo
162 1046 189 1094 in
207 1047 320 1096 Antonio
337 1061 395 1096 eum
413 1061 486 1112 apem
499 1047 621 1099 habuisse
631 1049 750 1100 dixisset.
764 1074 795 1086 ·-
808 1048 904 1098 Locum
916 1051 1053 1111 323-31,

64 1114 102 1163 3ιί
119 1115 146 1162 13
163 1113 234 1163 libria
252 1113 360 1163 traditus
378 1124 425 1172 eat,
444 1116 565 1164 intactum
583 1117 682 1178 reliqui,
705 1131 755 1167 333
772 1131 824 1179 quo
843 1119 1002 1178 uertentium,
1021 1118 1054 1168 ati

64 1180 1053 1313 titalialtiliumutilitatium‘mliii

56 1315 104 1366 -13
120 1330 147 1379 p.
158 1317 208 1366 431
218 1317 287 1377 sqq.)
311 1315 460 1380 perductum
477 1333 567 1367 rursus
584 1319 708 1368 abiecisse
725 1267 867 1377 3331113333,
884 1328 924 1368 eet
939 1319 1009 1380 quod
1025 1321 1051 1368 iu

63 1382 108 1432 tali
130 1383 243 1432 editione
265 1397 332 1444 qaae
353 1383 467 1432 nondum
488 1397 616 1435 33333333
636 1386 766 1434 communi
790 1385 932 1450 adprobata
957 1396 1051 1446 333333,

63 1448 182 1513 amplecti
200 1449 318 1514 religioni
335 1448 406 1500 duxi.
437 1448 585 1501 Sallustium
604 1466 650 1516 par
666 1450 813 1502 ciceronem
836 1454 862 1500 1ιι
885 1466 995 1502 errorem
1013 1453 1054 1502 iu-

65 1517 170 1566 ductum
187 1531 246 1566 eaeo
262 1516 435 1577 concederem,
454 1518 477 1567 ei
495 1534 535 1568 rea
553 1521 627 1583 ipaae
644 1519 735 1584 planae
753 1529 777 1568 ct
793 1528 896 1583 apertae
908 1519 970 1568 mihi
982 1519 1054 1570 vide·

63 1594 153 1634 rentur
174 1597 257 1646 neque
273 1583 317 1633 alii
340 1586 478 1649 acriptorea
497 1600 527 1635 eo
545 1587 632 1648 modo,
657 1601 732 1649 quam
749 1586 918 1651 transpositio
935 1587 1053 1647 restituit,

63 1667 105 1701 rea
124 1661 239 1701 narratae
257 1666 316 1702 caet
332 1661 492 1702 testarentur.
528 1653 648 1718 ignoscat
664 1654 744 1720 igitur
760 1655 800 1704 vir
817 1653 1053 1719 priminianum,

64 1718 135 1782 qaod
153 1719 301 1768 temeritati·
318 1719 413 1769 crimen
431 1720 565 1785 iniungere
581 1721 645 1770 mihi
662 1736 738 1782 quam
756 1723 782 1770 13
801 1722 856 1770 eiua
876 1722 954 1771 verba
970 1722 1053 1772 iurare

63 1786 206 1836 maluerim.
217 1811 249 1822 -·
262 1787 306 1847 37,
313 1787 338 1837 11.
356 1787 448 1837 latenti
457 1786 604 1855 paratique]
622 1791 715 1840 131333·
723 1790 821 1853 parati
833 1810 868 1826 ···
879 1789 921 1842 37.
932 1791 956 1840 3.
974 1804 1053 1854 peace

65 1868 98 1903 ex
109 1850 403 1917 Palmerii-coniectura]
422 1870 472 1918 per
484 1857 503 1906 1.
521 1882 551 1893 -
571 1857 613 1916 38,
624 1859 648 1906 1.
668 1855 732 1905 Dum
750 1859 952 1905 demonstratum
969 1855 1053 1918 luerit,

65 1921 182 1970 homiues
200 1921 235 1970 ita
253 1919 340 1971 lurore
356 1920 475 1986 abreptos
484 1921 572 1982 131333,
591 1934 619 1973 ut
631 1938 669 1987 33,
687 1925 778 1973 sicum
796 1924 899 1974 armatis
917 1923 1053 1974 salutatum

68 1989 205 2049 recinent,
224 2002 275 2038 uon
293 1988 426 2039 exclusam
445 1990 475 2039 iri
493 1999 634 2055 operarent,
652 1989 768 2040 lacunam
785 1991 812 2040 in
829 1990 900 2040 libris
918 2005 976 2040 eaeo
992 2005 1051 2041 cou-

68 2056 230 2106 333313-
249 2051 348 2122 domui]
368 2057 471 2107 333311.
498 2056 588 2106 Rarior
611 2057 693 2107 forma
712 2073 757 2123 per
774 2057 793 2107 P
811 2060 892 2109 domic
909 2058 1053 2108 confirmari

66 2125 151 2188 magia
165 2137 241 2185 quam
254 2124 315 2172 raiol
327 2123 391 2172 vita.
409 2147 443 2160 -
460 2126 503 2186 23,
517 2127 540 2175 1.
557 2127 713 2188 ercaat‘tatma
724 2141 746 2175 c.
753 2122 852 2192 cortic]
866 2128 1023 2189 cucullatam
1034 2125 1053 2175 1.

66 2215 98 2226 -
117 2193 160 2250 30,
175 2190 200 2242 l.
222 2189 355 2247 Maiores.
382 2190 452 2252 quod
477 2205 523 2256 pro
544 2194 655 2242 minoret
675 2192 778 2242 exhibet
799 2191 832 2252 Ρ,
861 2193 923 2242 haut
948 2193 1052 2256 dignum

67 2258 138 2320 quod
155 2271 263 2322 prorem
281 2257 440 2322 neglegatur,
458 2257 521 2308 mihi
538 2259 645 2312 videtur.
657 2285 692 2296 -
709 2261 751 2319 31,
764 2262 789 2315 3.
807 2264 846 2311 ael
856 2255 908 2326 rut]
927 2259 1052 2310 cuttidi.

66 2325 86 2374 Ρ
103 2329 132 2373 ιιι
149 2324 183 2372 ad
199 2326 239 2373 331
255 2324 341 2388 potino
358 2324 450 2374 ducere
467 2325 697 2376 3331313333.-
713 2326 749 2377 ib.
765 2327 846 2377 313331
862 2341 919 2376 cum
931 2323 1053 2392 Liuiero]

65 2393 91 2442 tt'
107 2391 128 2442 1.
153 2388 194 2437 Ad
212 2389 275 2437 11133
292 2403 334 2438 me
350 2391 475 2450 convorti,
494 2394 615 2452 quoniam
631 2395 658 2442 13
670 2393 808 2458 archetypo
825 2396 850 2444 al
865 2402 894 2444 at
909 2393 990 2443 iuiooe
1001 2395 1053 2443 ior·

65 2459 134 2508 dano
157 2457 243 2506 vitum
265 2464 313 2508 eet.
334 2480 369 2492 -·
389 2458 432 2519 31,
445 2458 471 2510 i.
494 2459 521 2506 ia
537 2462 655 2520 popam
671 2459 808 2509 1133333333
827 2475 885 2510 cum
903 2456 1001 2526 Curtio]
1027 2460 1054 2509 la

86 2525 165 2576 lebera
181 2523 318 2574 Romatram
335 2523 354 2575 1.
392 2522 508 2573 intanta
530 2524 696 2574 similitudino
717 2527 917 2589 corporatorum
939 2541 985 2575 cur
1006 2525 1055 2576 hoc

66 2543 124 2642 foco
141 2593 168 2641 ia
183 2591 281 2655 plebem
298 2590 436 2642 Romanam
453 2591 598 2640 ueceaeario
619 2591 780 2640 scribendum
796 2591 896 2652 luitaet,
916 2592 1052 2642 ostendunt·

66 2660 128 2710 dum
146 2658 202 2708 luit
222 2682 254 2695 -
272 2656 459 2722 Saepiciouom,
477 2672 544 2720 quac
560 2658 592 2707 de
603 2660 665 2709 civia
681 2659 726 2708 diu
744 2674 785 2709 me
801 2661 890 2719 tenuit,
909 2660 1055 2710 33331313-

68 2741 123 2777 aam
140 2725 198 2776 leci.
217 2751 249 2762 -·
266 2727 346 2786 821.
364 2726 473 2776 latidiac
491 2723 609 2792 [333333]
626 2725 812 2791 procedebant]
834 2728 942 2778 laairllae
959 2729 1056 2779 contuli

67 2793 243 2859 procedebant
258 2792 277 2843 l.
307 2792 347 2842 Ab
359 2789 396 2844 Se
403 2804 493 2843 contra
510 2793 641 2843 latinitatis
660 2795 739 2858 legat,
757 2794 807 2844 illia
824 2796 973 2860 praesertim
991 2805 1054 2845 tem-

68 2862 181 2926 poribus,
200 2862 239 2910 aio
250 2859 327 2910 ecribi
339 2860 456 2924 potuitne
472 2875 546 2926 uago.
564 2885 600 2900 -
615 2863 657 2920 82,
669 2863 694 2911 3.
710 2859 822 2929 patrini]
841 2869 946 2927 portent
957 2863 976 2912 1.
994 2862 1054 2912 via.

39 2961 40 2964 =
70 2930 110 2987 11,
123 2929 148 2978 ’1.
167 2953 199 2964 -·
221 2929 302 2987 33,1.
318 2930 420 2990 patriae
437 2942 459 2978 c.
471 2924 505 2994 1.]
529 2937 602 2978 antaa
625 2929 723 2992 patria.
739 2934 779 2966 '—
805 2931 884 2987 34,1.
901 2925 1051 2995 respondet]

69 2996 204 3058 respondit
221 2996 241 3044 1.
258 3016 293 3030 ···
310 2996 352 3054 33,
365 2997 389 3046 3.
408 3011 459 3045 noa
471 2997 530 3060 qaia
542 3021 574 3033 -
585 2999 685 3047 oolam
702 3012 752 3047 aaa
768 3013 875 3061 portem,
893 3008 947 3047 cam
957 2999 1054 3048 toilicct

71 3059 174 3127 aliena]
193 3077 243 3113 aon
261 3061 321 3126 qula
334 3083 363 3098 ··
376 3067 475 3114 coluere
490 3079 600 3127 porreta,
617 3070 645 3113 at
660 3065 751 3114 alienia
762 3064 899 3114 nominibus
912 3065 931 3114 l.
943 3065 976 3113 33
986 3064 1053 3114 3331.

71 3156 103 3167 -·
120 3130 162 3188 86,
178 3130 201 3180 1.
218 3123 365 3194 Flammam]
390 3128 408 3179 1.
427 3130 508 3180 eiecit.
543 3129 604 3180 Mihi
626 3141 653 3180 ut
675 3131 708 3180 ab
730 3133 895 3196 grammatico
918 3130 1042 3180 adiectum

69 3207 154 3247 tamen
177 3195 339 3246 memorabile
361 3196 455 3247 vitum.
476 3222 510 3235 -
533 3198 575 3261 33,
588 3199 613 3249 3.
635 3198 716 3248 morbi
737 3207 808 3258 erat,
833 3215 897 3266 qaae
915 3199 953 3248 ati
968 3167 1053 3264 labec]

69 3264 150 3316 morbi
166 3279 198 3314 ac
213 3265 292 3314 331311
306 3261 378 3313 taber
394 3263 414 3314 l.
432 3279 454 3313 c.
466 3263 559 3329 Haupt.
571 3262 663 3316 Philol.
677 3265 711 3314 111
722 3282 749 3330 p.
760 3268 819 3318 317.
849 3265 913 3314 11133
931 3263 993 3314 mihi
1010 3279 1054 3315 ue·

71 3347 121 3395 que
137 3332 317 3381 inconcinnum
334 3345 393 3379 eoae
409 3341 435 3380 at
452 3331 558 3396 propius
576 3331 609 3381 ad
626 3331 747 3382 librorum
760 3335 913 3398 acripturam
925 3331 1006 3382 morli
1016 3339 1054 3383 31-

70 3415 119 3465 qae
136 3400 174 3448 ati
191 3397 262 3449 tabee
278 3397 401 3446 adoedere
418 3397 510 3448 vitum.
527 3422 561 3436 -
578 3400 620 3459 37,
631 3401 657 3450 3.
674 3398 801 3458 Quoniam
818 3399 876 3449 libri
887 3401 932 3448 alil
948 3404 991 3464 qut
1004 3415 1055 3464 per

70 3467 200 3518 dedecora
221 3464 354 3526 exhibeat,
380 3463 478 3530 aliquid
498 3465 525 3515 13
547 3464 603 3516 1333
624 3467 753 3518 turbatum
778 3481 836 3517 eaac
859 3465 988 3526 3333333,
1013 3467 1058 3529 aaa
