2378 3864
216 168 259 209 nn
279 167 451 210 cocrmruer:
470 167 712 212 courunnnronn
737 170 762 213 e.
779 162 821 216 52.
840 164 881 218 53.
996 152 1035 220 31

57 318 125 377 licet
148 333 198 376 res
215 317 278 394 ipsa
296 335 399 396 aspera
422 325 478 387 est,
501 325 545 378 set
566 336 617 377 vos
638 335 699 377 nou
712 320 819 379 timetis
839 337 913 380 eam.
947 321 1039 380 Immo

58 418 127 461 vero
148 418 300 462 maxume:
321 407 366 462 set
386 401 490 462 inertia
506 408 536 462 ct
550 401 669 462 mohitia
686 403 774 462 animi
796 401 868 462 alius
886 401 975 464 alium
989 421 1039 463 ex·

55 491 208 562 pectantes
224 486 410 555 cunctamini,
422 483 556 546 videlicet
571 485 633 546 deis
648 485 850 546 inmortalibus
862 487 971 556 conlisi,
989 488 1040 565 qui

55 567 134 630 hano
147 585 213 628 rem
232 567 380 646 publicam
399 586 487 646 saepe
507 570 537 629 in
553 570 699 629 maxumis
713 568 852 649 periculis
873 587 1036 630 servavere.

33 650 121 717 sNon
143 653 216 712 votis
232 668 329 731 neque
350 651 709 731 subpliciismuliebribus
726 651 831 714 auxilia
847 653 971 714 deorum
987 672 1037 733 pa·
1048 657 1082 707 29

54 743 176 796 rantur:
193 735 348 813 vigilando,
363 736 489 814 agundo,
505 736 581 797 bene
593 735 774 798 consulundo
787 754 928 814 prospere
942 739 1038 797 omnia
1068 755 1074 764 ·

56 819 180 880 cedunt:
200 817 252 880 ubi
269 820 421 880 socordiae
442 827 471 880 te
493 826 581 899 atque
599 821 730 898 ignaviae
744 821 912 891 tradideris,
935 823 1038 900 nequi-

56 920 145 981 quam
167 902 239 964 deos
255 902 399 981 inplores:
422 905 488 965 lrati
508 904 663 984 infestique
686 912 763 964 sunt.
807 904 892 984 Apud
913 906 1038 965 maiores
1048 905 1082 956 30

55 993 173 1047 nostros
184 986 217 1046 T.
227 984 351 1048 Manlius
362 987 528 1067 Torquatus
539 986 617 1049 bello
629 987 737 1050 Gallico
749 987 841 1049 lilium
852 1006 948 1058 suum,
961 989 1040 1069 quod

23 1071 80 1132 cois
96 1076 199 1131 contra
207 1072 368 1149 imperium
379 1072 409 1132 iu
424 1072 538 1132 hostem
552 1080 747 1150 pugnaverat,
769 1074 870 1134 necari
887 1074 978 1142 iussit,
996 1081 1039 1133 at·

57 1170 114 1233 que
129 1153 179 1217 itte
195 1155 331 1232 egregius
348 1155 520 1217 adulescens
537 1155 736 1217 inmoderatae
751 1157 928 1217 fortitudinis
944 1165 1039 1217 morte

56 1255 169 1317 poenas
184 1238 279 1299 dedit:
301 1257 352 1299 vos
368 1240 404 1300 de
420 1239 638 1300 crudelissumis
658 1240 795 1317 paricidis
818 1240 887 1319 quid
907 1241 1038 1301 statuatis
1047 1239 1079 1293 31

57 1323 253 1383 cunctamini?
278 1322 418 1384 Videlicet
434 1330 531 1384 cetera
543 1324 600 1384 vita
611 1340 715 1384 eorum
729 1323 799 1384 huic
813 1323 918 1384 sceleri
933 1324 1037 1384 obstat.

56 1403 166 1466 Verum
188 1408 299 1484 parcite
318 1407 454 1490 dignitati
474 1406 604 1476 Lentuli,
627 1407 651 1467 si
673 1408 735 1486 ipse
754 1407 923 1484 pudicitiae,
950 1409 975 1467 si
996 1407 1081 1468 la-32

24 1512 46 1554 u
56 1505 122 1550 mae
143 1508 228 1559 suae,
251 1492 275 1550 si
300 1491 364 1552 dels
392 1499 441 1550 aut
471 1489 639 1551 hominibus
656 1508 796 1568 umquam
812 1489 878 1550 ullis
892 1493 1038 1569 pepercit:

55 1574 199 1652 ignoscite
214 1571 334 1651 Cethegi
352 1574 575 1644 adulescentiae,
595 1575 650 1634 nisi
671 1576 778 1634 iterum
798 1575 909 1652 patriae
929 1573 1082 1634 bellumue

55 1656 134 1717 fecit.
178 1657 252 1719 Nam
268 1658 337 1738 quid
356 1674 411 1736 ego
433 1659 469 1720 de
486 1658 608 1721 Gabinio
629 1657 740 1719 Statilio
758 1657 898 1736 Caepario
917 1657 1080 1737 loquarltt

55 1739 164 1818 quibus
179 1743 204 1802 si
221 1743 378 1822 quicquam
393 1761 532 1823 umquam
551 1745 634 1820 pensi
653 1743 770 1812 luisset,
794 1760 853 1803 non
869 1761 903 1802 ea
921 1741 1039 1803 consilia

55 1824 92 1884 de
109 1842 145 1886 re
167 1825 284 1903 publica
302 1825 483 1887 habuissent.
506 1827 673 1896 Postremo,
697 1833 795 1903 patres
822 1827 992 1906 conscripti,
1014 1826 1038 1885 si
1049 1836 1084 1888 35

23 1907 241 1971 eomehercrdes
262 1917 383 1988 peccato
404 1908 487 1971 locus
508 1919 592 1980 esset,
610 1909 694 1971 facile
715 1918 833 1988 paterer
852 1928 904 1970 ros
924 1911 986 1987 ipsa
1005 1927 1039 1970 re

55 1994 185 2071 conrigi,
203 1997 345 2073 quoniam.
358 1993 445 2056 verba
461 1996 659 2056 contemnitis:
675 2003 719 2055 set
734 1994 863 2073 undique
879 1994 1039 2054 circumve-

54 2077 97 2136 nti
111 2095 224 2139 sumus.
253 2079 374 2140 Catilina
390 2096 458 2139 eum
474 2080 604 2139 exercitu
622 2077 756 2139 faucibus
771 2083 885 2156 urguet,
903 2075 949 2137 alii
963 2078 1040 2136 intra

54 2162 171 2222 moenia
187 2169 274 2242 atque
290 2164 320 2223 in
336 2165 402 2223 siuu
417 2160 528 2243 [urbis]
550 2168 618 2222 sunt
630 2161 738 2232 hostes,
762 2180 857 2240 neque
873 2161 971 2238 parari
988 2177 1039 2220 ne·

55 2263 113 2323 que
129 2246 243 2309 consuli
258 2249 413 2326 quicquam
429 2257 527 2328 potest
549 2251 678 2308 occulte:
692 2264 749 2324 quo
764 2246 856 2322 magis
876 2261 1039 2322 properan-

23 2330 127 2392 asdum
142 2336 196 2392 est.

115 2413 225 2487 Quare
236 2432 290 2492 ego
301 2415 475 2476 itacenseo:
490 2434 556 2477 cum
568 2416 682 2477 nelario
693 2414 816 2476 consilio
829 2411 1040 2472 sceleratorum
1050 2411 1084 2466 36

56 2498 162 2559 civium
180 2486 232 2560 'res
253 2497 370 2578 publica
388 2500 417 2557 in
435 2515 571 2557 maxuma
593 2495 723 2576 pericula
744 2496 866 2564 venerit,
890 2495 976 2574 eique
997 2496 1041 2554 in·

55 2581 132 2642 dicio
143 2581 178 2642 T.
199 2580 328 2643 Volturci
341 2589 370 2642 et
390 2581 555 2659 legatorum
572 2579 763 2658 Allobrogum
786 2578 909 2640 convicti
926 2576 1040 2638 confes·

55 2666 139 2745 sique
155 2667 220 2737 sint,
243 2665 362 2727 caedem
378 2664 512 2726 incendia
528 2664 640 2744 aliaque
656 2682 688 2725 se
708 2663 792 2725 loeda
809 2668 896 2739 atque
912 2660 1040 2722 crudelia

23 2749 187 2813 ulacinora
203 2750 233 2810 in
255 2751 323 2811 civis
341 2750 524 2829 patriamque
539 2750 701 2828 paravisse,
723 2749 759 2809 de
780 2746 935 2815 confessis,
956 2746 1042 2806 sicuti

55 2834 91 2894 de
106 2834 279 2895 manufestis
293 2834 394 2895 rerum
412 2833 592 2913 capitalium,
611 2851 694 2894 more
708 2833 853 2893 maiorum
865 2828 1040 2908 subplicium

55 2917 255 2979 sumundum!
332 2915 335 2920 ’

140 3003 300 3083 Postquam
317 3002 386 3063 Cato
401 3002 528 3071 adsedit,
552 3001 720 3063 consulares
737 3017 838 3061 omnes
852 3001 979 3077 itemque
995 3014 1040 3058 se·
1052 2991 1091 3050 53

56 3094 143 3149 natus
157 3104 264 3165 magna
286 3104 355 3167 pars
372 3087 545 3147 sententiam
562 3087 624 3147 eius
642 3084 775 3154 laudant,
795 3085 932 3144 virtutem
953 3081 1043 3141 animi

24 3189 47 3232 u
57 3171 92 3232 ad
110 3169 224 3231 caelum
236 3171 351 3232 lerunt:
367 3169 414 3231 alii
426 3168 498 3230 alios
508 3171 693 3246 increpantes
704 3168 819 3229 timidos
834 3171 953 3232 vocant,
971 3162 1042 3222 Cato

58 3255 156 3331 clarus
178 3261 265 3335 atque
277 3270 401 3331 magnus
420 3252 559 3315 habetur:
580 3254 673 3313 senati
688 3253 837 3315 decretum
850 3252 881 3311 fit
901 3250 974 3307 sicut
994 3245 1042 3306 ille

59 3345 224 3402 censuerat.

143 3421 197 3484 Set
217 3422 288 3483 mihi
302 3420 392 3483 multa
408 3421 530 3501 legenti,
547 3421 636 3482 multa
655 3422 797 3492 audienti,
821 3435 895 3499 quae
913 3416 1067 3495 populosa
