2378 3864
142 153 183 219 86
283 175 325 214 us
348 174 450 217 senno
472 172 673 218 rvovnrurno
697 173 727 217 s.
749 166 794 220 80.
813 165 859 220 81.
880 167 923 222 82.
946 168 990 222 83,

143 325 282 403 (piisque,
305 340 392 401 quarn
414 321 566 402 plurumas
586 340 703 393 uxores,
718 323 810 387 denas
830 322 878 385 alii
893 323 942 386 alii
964 325 1066 404 piures
1080 324 1125 388 ha·

117 407 227 475 theut,
253 413 298 468 set
311 423 399 485 reges
418 423 453 467 eo
471 405 604 488 amplius.
637 406 679 468 Ita
696 409 810 469 animus
824 407 1012 470 multitudine
1027 409 1126 471 distra-

143 490 238 553 hItur:
266 489 346 552 nulla
368 508 424 568 pro
446 490 525 551 socia
547 493 669 570 optinet
692 493 803 570 pariter
830 509 933 554 omnes
955 493 1030 555 viles
1053 505 1125 555 sunt

93 581 128 646 81
144 576 235 654 Igitur
256 577 286 637 in
308 575 407 636 locum
436 573 580 635 ambobus
600 573 743 654 placitum·
765 577 913 637 exereitus
937 579 1126 640 conveniunt:

142 659 185 723 ihi
206 660 263 722 fide
285 659 352 721 data
373 664 403 719 et
422 664 542 737 aooepta
563 658 704 737 Iugurtha
724 659 834 721 Bocchi
846 661 977 722 animum
999 663 1143 724 orationes

141 744 294 808 adcendit:
316 743 465 804 Romanos
479 743 615 812 iniustos,
637 743 785 821 profunda
807 744 941 814 avaritia,
966 748 1127 809 eommunis

143 830 273 889 omnium
288 828 380 887 hostis
392 843 470 889 esse:
484 827 607 889 eandem
619 827 684 888 illos
695 843 829 890 caussam
843 826 913 890 belli
928 847 996 891 eum
1011 828 1128 892 Boccho

143 912 263 982 hahere,
277 928 365 991 quarn
376 927 477 973 secum
489 918 518 972 et
533 929 600 973 oum
612 910 674 973 aliis
688 910 834 989 gentihus,
849 910 1011 974 lubidinem
1017 913 1131 994 Imperi

67 1002 69 1008 '
142 996 233 1065 tandi,
256 996 321 1075 quis
336 995 434 1056 omnia
449 1011 541 1072 regna
555 995 678 1057 advorsa
693 996 766 1057 sint:
787 1002 851 1057 tum
866 1013 940 1065 sese,
958 996 1050 1075 paulo
1065 1005 1127 1059 aute

143 1079 404 1157 Carthaginiensis,
425 1079 496 1140 item
510 1096 612 1157 regem
628 1080 753 1150 Persen,
769 1087 837 1158 post
851 1081 894 1141 uti
910 1082 1037 1160 quisque
1057 1100 1152 1162 opu-o

117 1165 331 1229 atentissumus
351 1162 497 1232 videatur,
520 1165 559 1224 ita
574 1164 713 1225 Romanis
733 1163 849 1225 hostem
867 1163 940 1225 iore.
977 1165 1029 1226 Eis
1043 1176 1126 1246 atque

143 1248 206 1310 aliis
220 1247 329 1310 talibus
344 1247 428 1309 dietis
442 1246 479 1308 ad
496 1247 604 1309 Cirtam
618 1248 758 1328 oppidum
772 1249 827 1310 iter
842 1250 1034 1320 constituunt,
1052 1250 1135 1329 quot·

141 1332 241 1413 ibique
258 1333 363 1371 ”W
379 1330 512 1393 Metellus
527 1332 668 1412 praedam
683 1333 870 1412 captivosque
887 1339 917 1394 et
930 1332 1125 1412 inpedimenta

115 1416 297 1479 alooaverat
318 1416 362 1478 Ita
372 1416 515 1493 Iugurtha
529 1422 611 1478 ratus
626 1422 676 1478 ant
687 1423 771 1494 oapta
785 1416 861 1478 urhe
876 1434 984 1495 operae
994 1417 1125 1495 precium

142 1501 216 1571 iore,
232 1508 282 1562 ant
292 1499 317 1560 si
330 1500 480 1561 Romanus
492 1499 599 1562 auxilio
612 1502 673 1562 suIs
683 1502 816 1570 venisset,
829 1501 941 1579 proelio
956 1517 1023 1563 sese
1035 1508 1151 1564 certa-n

117 1594 234 1648 aturos.
279 1583 354 1646 Nam
379 1582 501 1645 callidus
522 1584 552 1646 id
573 1584 661 1646 modo
688 1583 857 1654 festinabat,
886 1584 996 1646 Booohi
1024 1603 1125 1665 paoem

142 1671 320 1738 inminuere,
341 1687 379 1731 ne
402 1684 501 1730 moras
522 1667 658 1747 agitando
673 1667 751 1730 aliud
773 1686 862 1748 quam
886 1667 997 1730 bellum
1017 1669 1123 1731 mallet

92 1752 132 1815 82
216 1752 381 1831 Imperator
402 1760 558 1833 postquam
573 1751 610 1813 de
622 1769 728 1830 regum
747 1753 884 1814 societate
902 1755 1049 1829 cognovit,
1068 1771 1123 1815 non

143 1844 264 1906 temere,
286 1854 399 1916 neque,
422 1838 465 1899 uti
481 1853 569 1915 saepe
589 1837 648 1898 Iam
668 1837 744 1898 vieto
761 1835 904 1914 Iugurtha
924 1845 1123 1908 consueverat,

143 1919 281 1982 omnihus
296 1919 368 1981 Iocis
384 1920 536 2001 pugnandi
555 1922 667 1998 copiam
685 1920 769 1982 iacit:
791 1927 922 1982 ceterum
935 1919 1009 1983 haut
1023 1921 1149 2001 proouIn

142 2005 179 2068 ab
203 2004 281 2066 Cirta
302 2005 405 2066 eastris
426 2005 544 2066 munitis
564 2021 651 2081 reges
672 2004 818 2082 operitur,
839 2003 945 2066 melius
959 2022 1024 2067 esse
1045 2017 1124 2069 ratus

143 2090 266 2168 cognitis
287 2089 411 2158 Mauris,
444 2088 583 2168 quoniam
604 2090 629 2148 is
650 2105 741 2149 novos
761 2087 854 2149 hostIs
875 2088 1061 2162 adcesserat,
1091 2109 1123 2153 er

143 2172 296 2236 commodo
314 2191 443 2252 pugnam
459 2173 566 2236 Iacere.

116 2274 132 2322 a
225 2256 346 2319 Interim
367 2258 459 2319 Roma
478 2274 533 2335 per
554 2256 665 2319 litteras
686 2258 795 2319 oertior
817 2257 849 2318 tit
868 2259 1050 2336 provinciam
1067 2259 1123 2322 Nu·

141 2341 261 2403 midiam
270 2339 362 2402 Mario
377 2341 489 2404 damin:
505 2360 573 2403 nam
587 2340 738 2403 oonsulem
753 2341 862 2404 iaetum
875 2349 943 2403 ante
959 2351 1148 2422 aooeperats

142 2424 256 2498 Quibus
268 2424 360 2488 rebus
373 2443 464 2505 supra
484 2425 596 2488 bonum
610 2432 661 2487 aut
677 2425 835 2488 honestum
849 2425 1013 2504 perculsus,
1029 2445 1124 2508 noque

141 2510 288 2572 lacrumas
301 2517 403 2573 tenere
419 2529 517 2590 noque
535 2510 683 2572 moderari
702 2509 849 2588 linguam:
871 2511 915 2571 vir
936 2512 1076 2590 egregius
1095 2513 1124 2573 in

115 2594 203 2660 aaliis
224 2594 337 2657 artibus
356 2595 442 2656 nimis
455 2593 581 2656 molliter
597 2595 809 2672 aegritudinem
831 2594 900 2673 pati.
943 2591 1040 2663 Quam
1061 2614 1124 2658 rem

140 2676 188 2739 alii
197 2679 228 2738 in
237 2677 407 2757 superbiam
418 2677 581 2749 vertebant,
597 2679 644 2740 alii
657 2677 769 2741 honum
783 2680 932 2758 ingenium
946 2680 1124 2743 contumelia

140 2760 300 2823 adsensum
317 2780 391 2833 esse,
409 2761 493 2824 multi
513 2762 593 2843 quod
613 2765 671 2824 iam
692 2769 776 2842 parta
791 2762 911 2823 victoria
929 2779 965 2823 ex
985 2764 1149 2828 maninus

140 2845 315 2923 eriperetur.
355 2846 447 2908 Nobis
469 2848 538 2907 satis
558 2849 707 2925 cognitum
729 2853 773 2910 est
793 2845 873 2908 iIIum
894 2845 986 2924 magis
1008 2846 1124 2912 honore

139 2927 214 2990 Mari
234 2945 323 3009 quam
343 2931 448 2994 iniuria
467 2949 519 2993 sua
534 2933 734 2993 excruciatum
748 2948 844 3009 neque
865 2937 926 2992 tam
941 2932 1026 2993 auxie
1049 2931 1123 2996 latu·

139 3031 208 3159 plum
232 3011 336 3083 fuisse,
369 3015 393 3076 si
418 3015 552 3095 adempta
578 3017 727 3094 provincia
756 3014 804 3076 alii
830 3032 919 3095 quam
943 3013 1036 3076 Mario
1064 3025 1123 3079 tra·

161 3104 269 3159 eretur.

90 3187 128 3252 83
224 3181 315 3262 Igitur
334 3199 370 3242 eo
395 3181 496 3244 dolore
512 3183 657 3263 inpeditus
678 3191 707 3245 et
727 3185 794 3264 quia
813 3183 951 3246 stultitiae
966 3183 1148 3248 videbatura

139 3267 262 3329 ahenam
275 3283 339 3328 rem
353 3264 485 3344 periculo
499 3283 553 3329 suo
568 3285 689 3338 curare,
712 3266 824 3347 legatos
839 3267 876 3329 ad
889 3266 1040 3329 Bocchum
1055 3271 1121 3330 mit·

139 3353 173 3412 tit
188 3349 376 3430 postulatum,
393 3368 431 3412 ne
445 3351 508 3412 sine
529 3369 618 3415 causa
640 3351 732 3413 hostis
746 3350 856 3431 populo
873 3351 1006 3413 Itomano
1020 3352 1120 3416 tieret:

138 3434 250 3498 hahere
264 3442 327 3498 tum
343 3451 478 3516 magnam
493 3436 607 3514 oopIam
621 3436 767 3498 societatis
781 3435 982 3516 amicitiaeque
997 3437 1120 3500 coninu-
