2378 3864
213 192 256 232 ns
280 191 452 234 oarmrnan
476 190 717 236 cousvnnrronn
741 192 768 235 c.
791 184 834 238 49.
857 185 901 238 50,
923 186 967 238 51.
1032 175 1073 235 25

92 339 293 408 ementiundo,
311 356 385 418 quae
407 356 439 399 se
461 358 497 400 ex
511 338 659 401 Volturcio
673 345 723 400 aut
738 338 945 417 Allobrogibus
959 340 1074 403 audisse

94 423 238 492 dicerent,
253 437 391 500 magnam
408 420 448 482 illi
462 423 599 484 invidiam
613 423 819 492 contlaverent,
846 441 941 502 usque
963 440 1012 492 ee,
1040 437 1074 486 ut
1177 429 1181 438 '

93 505 351 586 nonnullicquites
362 506 495 576 Romani,
510 509 559 586 qui
574 507 702 584 praesidi
716 525 817 568 caussa
830 525 896 568 cum
908 506 976 568 telis
990 517 1074 568 erant

93 591 208 652 circum
218 590 321 651 aedem
327 589 514 660 Concordiae,
521 607 578 651 scu·
585 591 707 669 periculi
715 591 914 667 magnitudine
924 593 1073 655 seuanimi

72 672 255 735 mobilitate
269 671 390 752 inpulsi,
413 692 471 751 quo
482 673 611 734 studium
627 691 713 736 suum
727 676 756 735 in
776 693 839 736 rem
856 673 1073 752 publicamcla·

93 758 157 819 rius
166 765 252 829 essm,
274 757 480 835 egredientiex·
494 764 597 818 senam
612 757 729 820 Caesari
744 757 838 835 gladio
861 759 1072 820 minitarentur.

180 841 342 903 llumbaoc
357 842 387 902 in
408 849 511 903 senatu
529 848 656 919 aguntur
678 849 707 903 et
725 842 799 904 dum
815 841 916 918 legatis
937 840 1071 902 Allobro·
1082 845 1126 904 50

97 943 168 1004 gum
184 931 213 986 ct
226 924 292 986 'lito
306 923 471 995 Volturcio,
488 923 670 1004 conprobato
686 943 789 987 cortun
807 926 929 994 indicio,
944 927 1074 1004 praemia

95 1009 307 1078 decernuntur,
323 1007 422 1069 liberti
442 1014 471 1069 et
489 1010 576 1087 pauci
596 1027 635 1070 ox·
654 1008 808 1070 clientibus
821 1007 935 1070 Lentuli
951 1010 1073 1070 divorsis

61 1108 86 1149 ro
93 1090 249 1154 itineribus
255 1092 378 1170 opifices
394 1099 481 1171 atque
497 1094 611 1153 servitia
629 1095 658 1153 in
673 1095 743 1154 vicis
758 1093 874 1154 adeum
888 1093 1073 1171 eripiundum

93 1175 301 1245 sollicitabant,
323 1177 429 1254 partim
448 1175 640 1255 exquirebant
661 1176 751 1238 duces
770 1176 1001 1246 multitudinum,
1023 1179 1072 1256 qui

93 1260 199 1340 precio
217 1276 281 1320 rem
302 1257 449 1337 publicam
468 1277 575 1320 vexare
595 1258 787 1330 soliti-erant,
808 1259 953 1337 Cethegus
975 1266 1099 1321 autema

92 1343 281 1422 pernuntios
295 1341 431 1404 familiam
446 1348 533 1422 atque
554 1341 675 1403 libertos
690 1360 773 1412 suos,
796 1343 887 1404 lectos
909 1350 938 1404 et
959 1345 1071 1404 exerci-

92 1433 178 1488 tatos·
194 1424 438 1508 [ln·audaciam],
469 1426 571 1486 orabat
592 1434 630 1486 ut
645 1443 735 1504 grege
757 1426 832 1487 lacto
855 1443 924 1488 cum
947 1425 1012 1488 telis
1036 1427 1072 1489 ad

59 1529 85 1571 rs
94 1512 386 1589 sese-inmmperent.
415 1509 523 1571 Consul
538 1509 590 1571 ubi
605 1528 640 1571 ea
652 1511 750 1589 pareri
766 1510 908 1586 cognovit,
927 1509 1101 1587 dispositise

93 1594 247 1674 praesides
266 1602 301 1655 ut
312 1611 361 1655 res
383 1600 469 1674 atque
486 1601 606 1672 ternpus
621 1593 769 1662 monebat,
794 1599 953 1654 convocato
968 1599 1071 1654 senatu

93 1678 202 1748 relertt,
229 1678 297 1758 quid
317 1677 361 1739 de
376 1681 417 1739 eis
430 1678 495 1738 lieri
516 1676 642 1755 placeat,
667 1679 717 1757 qui
739 1679 768 1737 in
791 1676 951 1738 custodiam
975 1676 1071 1738 traditi

94 1769 188 1824 eruut.
210 1763 262 1824 S‘et
275 1778 327 1823 eos
339 1761 426 1839 paulo
441 1768 509 1822 ante
522 1761 665 1840 frequens>
675 1770 793 1822 senatun
807 1761 985 1822 iudicaverat
1000 1763 1098 1821 con-4

93 1844 381 1924 tre-rempublicam
400 1844 511 1906 iecisse.
545 1843 622 1905 Tum
639 1844 672 1905 b.
691 1844 790 1906 lunius
807 1843 936 1914 Silanus,
958 1845 1071 1922 primus

59 1931 268 1991 esculentiam
281 1935 401 2006 rogatus
415 1928 494 2008 quod
508 1944 542 1988 eo
556 1933 689 2006 tempore
707 1927 809 1990 consul
819 1929 987 2005 designatus
999 1935 1069 1997 erat,

94 2012 132 2074 de
147 2015 202 2084 eis,
225 2014 274 2090 quui
289 2015 319 2074 in
335 2012 471 2073 custodiis
490 2011 677 2082 tenebantur,
698 2019 727 2073 et
740 2018 892 2090 praetcrea
905 2012 941 2073 de
956 2010 988 2072 L.
1003 2009 1070 2073 Cas·

93 2097 138 2156 sio
155 2097 187 2157 P.
211 2095 301 2158 Furio
323 2095 356 2158 P.
373 2095 523 2157 Umbreno
546 2097 581 2169 Q.
602 2099 707 2166 Annio,
734 2097 758 2157 sl
773 2095 949 2175 deprehensi
962 2095 1070 2164 iurent,

93 2177 270 2258 subplicium
290 2179 466 2241 sumundum
486 2179 669 2240 decreuerat:
685 2181 767 2258 isque
788 2187 899 2258 postca,
921 2185 1071 2257 permotus

95 2265 227 2325 oratione
242 2263 276 2324 G.
292 2262 433 2332 Cameris,
454 2260 578 2340 pedibus
593 2265 623 2322 in
638 2264 810 2324 sententiam
827 2263 926 2324 Tiberi
947 2262 1071 2324 Neronis

59 2366 84 2408 ae
95 2348 205 2408 iturum
224 2364 257 2408 se
278 2348 406 2416 dixerat,
429 2348 479 2425 qui
497 2347 581 2408 deca
595 2364 628 2408 re
649 2348 802 2423 praesidiis
818 2347 921 2409 additis
936 2347 1070 2408 relcrun·

95 2430 173 2491 dum
185 2438 348 2493 censuerat.
393 2431 443 2492 Set
461 2429 577 2498 Caesar,
597 2429 648 2491 ubi
660 2430 703 2490 ad>
713 2449 779 2491 eum
794 2438 912 2492 ventum
927 2437 970 2492 cst
983 2440 1096 2505 roga-5

93 2520 144 2574 tus
163 2516 335 2576 seutentiam
350 2533 366 2575 a
382 2513 510 2582 consule,
532 2512 653 2574 huiusce
666 2513 749 2573 modi·
766 2513 855 2582 uerba
876 2513 989 2574 locutus
1012 2519 1069 2572 ost:

181 2598 290 2660 ‘Omnis
303 2598 446 2668 homines,
460 2603 559 2677 patres
575 2597 739 2675 conscripti,
756 2598 805 2675 qul
820 2595 959 2658 derebus
975 2594 1069 2656 dubiis
1081 2592 1116 2652 51

94 2681 274 2752 consultant,
297 2682 334 2743 ab
350 2682 416 2743 odio
430 2683 567 2751 amicitia,
595 2682 638 2741 ira
651 2688 737 2760 atque
750 2681 949 2742 misericordia
963 2696 1070 2741 vacuos

57 2779 166 2829 coesse
178 2767 270 2828 decet.
293 2766 370 2826 llaut
385 2765 469 2826 lacilc
481 2767 595 2827 animus
611 2783 711 2826 vorum
728 2764 869 2844 providet,-
891 2763 943 2825 ubi
955 2762 1003 2824 illa
1018 2762 1096 2823 ob·2

92 2849 208 2919 ddunt,
231 2866 328 2928 neqm
343 2852 496 2929 quisquam
511 2851 641 2910 omnium
658 2848 781 2910 lubidini
794 2845 880 2909 simul
896 2854 925 2909 et
938 2849 1004 2909 usui
1019 2863 1070 2925 pa·

84 2932 161 2993 ruit
190 2932 247 2994 Ubi
262 2933 420 2994 intenderis
435 2935 598 3010 ingenium,
615 2931 703 2994 valet:
726 2934 751 2992 si
764 2931 864 2993 lubido
878 2931 1020 3010 possidet,
1036 2937 1096 2992 cae

93 3015 273 3088 dominatur,
297 3019 410 3078 animus
423 3016 495 3076 nibil
511 3015 595 3077 valet.
635 3017 739 3093 Magna
759 3015 830 3078 mihi
851 3017 934 3093 copia
950 3022 994 3076 est
1008 3026 1097 3074 mea

91 3101 240 3171 morandi,
255 3106 354 3180 patres
370 3101 541 3178 conscripti,
558 3119 632 3179 quae
647 3116 733 3177 reges
748 3108 835 3179 atque
849 3098 949 3177 populi
963 3099 1006 3157 ira
1022 3102 1071 3156 aut

56 3184 294 3248 remiserieordio
307 3182 413 3262 inpulsi
427 3183 505 3245 male
519 3182 735 3245 consuluerint:
758 3191 803 3244 set
816 3202 850 3244 ea
865 3182 941 3242 malo
962 3180 1069 3247 dicere,

93 3284 169 3346 quae
182 3269 308 3330 maiores
323 3269 416 3328 nostri
436 3274 538 3329 contra
555 3265 716 3329 lubidinem
731 3268 818 3329 animi
831 3267 876 3328 sui
890 3270 970 3326 recte
984 3270 1070 3342 atque

91 3352 195 3414 ordine
210 3351 316 3413 iecere.
341 3351 421 3412 Bello
435 3350 632 3422 Macedonico,
650 3351 809 3430 quodcum
821 3348 992 3426 regePcrse
1005 3350 1095 3424 ges-5

89 3436 198 3505 simus,
224 3434 406 3497 Rhodiorum
427 3436 525 3496 civitas
546 3451 651 3514 magna
681 3441 768 3513 atque
795 3431 964 3510 magnilica,
995 3449 1070 3510 quae
