2378 3864
124 137 165 199 62
330 157 372 197 nr
396 156 500 199 annno
521 155 721 199 mormanno
746 155 774 198 o.
792 148 835 202 aa
854 148 897 204 39.

124 306 294 382 intempesta
309 311 394 365 noete
412 303 449 364 de
465 305 613 381 inproviso
627 304 813 367 multitudino
831 303 1025 367 Numidarum
1039 305 1105 369 nuti

98 394 218 448 ocastra
241 388 438 450 circumvenit.
481 386 585 449 Milites
606 386 746 460 Romani,
765 386 893 469 perculsi
914 386 1041 450 tumultu
1061 390 1104 451 in·

57 494 66 509 =
124 470 222 541 solito,
245 490 326 533 arma
347 488 452 550 capere
471 469 532 541 olii,
556 471 603 532 alii
617 489 650 534 se
669 472 794 542 abdere,
816 489 884 550 pars
899 473 1018 534 territos
1034 491 1103 534 eon·

124 556 257 624 firmare,
280 556 429 634 trepidare
450 553 584 618 omnbus
597 556 684 618 loeis:
706 558 748 617 vis
762 573 868 632 magna
884 556 1021 625 hostium,
1039 575 1104 618 oae-

124 637 185 701 lum
206 647 294 701 noete
314 647 402 718 atque
422 637 550 702 nubibus
568 638 771 709 obscuratum,
794 639 958 717 periculum
980 657 1125 718 ancepszt

98 728 273 800 opostremo
288 724 390 802 lugere
408 739 446 783 an
458 740 579 785 manere
592 725 683 787 tutius
692 723 770 784 foret
784 724 814 785 in
829 724 942 785 incerto
957 731 1030 784 erat.
1054 723 1106 785 Set

125 826 160 871 er
181 826 216 869 eo
229 824 363 876 numero,
385 823 459 886 quos
479 806 566 884 paulo
581 815 648 869 ante
664 815 824 885 conruptos
844 805 979 877 diximus,
997 807 1105 869 cohors

124 909 183 953 una
193 891 334 969 Ligurum
348 909 416 952 oum
433 889 546 953 drmbus
562 891 664 954 turmis
678 889 829 952 Thraoum
841 899 869 952 et
884 891 984 969 pausis
998 907 1104 970 grega-

124 977 175 1037 riis
186 974 325 1043 militibus
340 975 481 1036 transiere
498 975 534 1035 ad
545 992 663 1052 regem,
685 981 715 1036 et
727 975 859 1039 oenturio
871 975 959 1053 primi
972 974 1025 1053 pili
1044 983 1104 1037 ter·

124 1061 180 1123 tiae
198 1058 321 1136 legionis
340 1076 394 1138 per
415 1059 614 1129 munitionem,
632 1058 1135 1141 quamutidolenderetaceepe·1o

124 1149 188 1213 rat,
197 1141 297 1207 locum
313 1141 445 1205 hostibus
458 1142 625 1207 introeundi
638 1142 727 1212 dedit,
743 1161 835 1222 eaque
849 1142 990 1204 Numidae
1007 1145 1104 1205 cuncti

100 1227 273 1304 ainrupere.
304 1226 403 1290 Nostri
418 1226 502 1289 foeda
516 1227 601 1306 luga,
623 1226 756 1307 plerique
770 1227 889 1289 abiectis
908 1227 1011 1296 armis,
1033 1244 1104 1305 pro-

99 1322 247 1374 8xumum
269 1309 373 1374 collem
395 1328 585 1389 occupavere.
626 1311 689 1372 Nox
711 1319 797 1389 atque
813 1312 922 1390 praeda
939 1319 1103 1372 castrorum

98 1394 230 1465 ohosns,
246 1397 416 1474 quominus
431 1395 551 1473 uictoria
559 1402 722 1465 uterentur,
734 1403 881 1457 remorata
895 1403 973 1456 sunt.
991 1395 1103 1457 Deinde

125 1479 265 1557 iugurtha
286 1487 405 1558 postero
427 1479 474 1541 die
495 1498 560 1541 oum
583 1478 657 1542 nuto
679 1481 709 1540 in
731 1477 885 1560 conloquio
907 1479 996 1540 verba
1017 1480 1134 1543 iacitzrs

126 1566 238 1625 tametsi
252 1565 350 1643 ipsum
364 1583 430 1626 oum
445 1565 575 1627 exercitu
592 1564 668 1626 lame
683 1570 713 1625 et
731 1563 811 1624 ferro
831 1563 963 1627 clausum
976 1573 1101 1634 teneret,

124 1654 222 1710 tamen
243 1666 276 1713 se
297 1666 459 1712 memorem
478 1648 674 1709 humanarum
692 1664 809 1717 nerum,
831 1649 856 1708 si
876 1666 977 1709 secum
998 1648 1103 1710 loedus

126 1730 249 1800 iaceret,
270 1730 423 1795 incolumis
442 1733 536 1793 omnis
555 1731 609 1793 sub
631 1732 732 1809 iugum
752 1731 926 1794 missurum:
947 1741 1103 1810 praeterea

86 1823 118 1876 10
129 1817 171 1877 uti
191 1814 306 1888 diebus.
326 1815 427 1879 decem
449 1813 583 1879 Numidia
609 1815 773 1879 decederet.
816 1815 897 1888 Quae
924 1833 1103 1895 quamquam

125 1899 223 1975 gravia
247 1904 277 1959 et
301 1898 393 1977 flagiti
412 1897 500 1976 plena
529 1906 620 1969 erant,
642 1906 754 1970 tamen,
781 1901 847 1980 quia
871 1901 974 1961 mortis
990 1908 1133 1965 memma

123 1981 328 2052 intuebantur,
350 1984 433 2045 sium
454 1983 518 2060 regi
535 1981 687 2053 lubuerat,
707 2000 763 2061 pax
779 1985 921 2045 convenit.

76 2071 114 2132 39
209 2067 261 2128 Set
272 2066 322 2129 ubi
334 2084 368 2129 ea
384 2064 494 2129 Romae
508 2073 741 2145 conpertasuut,
764 2075 859 2129 metus
873 2076 961 2146 atque
983 2086 1102 2131 maeror

125 2152 270 2214 civitatem
289 2153 431 2213 invasere.
463 2150 536 2213 Pars
558 2149 657 2213 dolere
673 2168 729 2231 pro
744 2150 835 2230 gloria
846 2152 1039 2232 imperipars
1057 2154 1102 2213 in-

124 2234 207 2297 solita
226 2253 329 2297 rerum
347 2234 519 2297 bellicarum
547 2235 651 2299 timere
670 2233 810 2297 libertati:
838 2235 912 2297 tuto
934 2253 1037 2296 omnes
1057 2237 1101 2297 in·

125 2319 201 2389 festi,
226 2337 261 2380 ao
281 2337 417 2381 maxume
438 2317 579 2399 quibello
601 2337 688 2398 saepe
709 2319 854 2399 praeolari
875 2319 999 2389 inerant,
1022 2320 1133 2398 quoda

127 2413 256 2465 armatus
273 2403 416 2464 dedecore
434 2403 534 2481 notius
552 2421 641 2482 mam
656 2419 746 2465 manu
765 2401 886 2465 salutern
909 2403 1101 2482 quaesiverat.

100 2485 172 2549 20b
187 2506 222 2548 oa
235 2487 337 2550 consul
358 2486 478 2551 ibinus
499 2505 536 2549 ex
555 2487 659 2550 delicto
681 2487 779 2548 fratris
796 2487 930 2549 iuvidiam
945 2505 979 2547 ao
996 2487 1103 2549 deinde

123 2571 287 2649 periculum
301 2573 407 2633 umens
419 2579 553 2632 senatum
563 2571 603 2637 ⁴(lo
618 2570 736 2632 loedere
754 2568 937 2638 oonsulebat,
960 2577 988 2630 et
1003 2578 1102 2633 tamen

124 2657 242 2717 interim
263 2656 403 2717 exercitui
424 2653 659 2730 subplementum
680 2651 826 2720 scribere,
845 2651 882 2711 ab
898 2653 984 2711 sociis
1004 2661 1033 2713 et
1046 2672 1102 2716 no·

125 2738 203 2798 mine
217 2737 320 2798 latino
335 2736 441 2798 auxilia
450 2753 621 2804 accersere,
641 2734 766 2813 denique
785 2733 919 2794 omnibus
934 2734 1028 2794 modis
1042 2737 1135 2807 ies-³0

100 2821 226 2881 atinare.
261 2820 385 2880 Senatus
400 2821 440 2880 ita
450 2818 492 2879 uti
509 2834 562 2896 par
578 2818 674 2878 iuerat
686 2816 817 2877 decernit
834 2833 887 2876 suo
898 2823 983 2896 atque
997 2820 1101 2896 populi

99 2903 235 2966 sininssu
255 2901 370 2963 nullum
390 2901 519 2979 potuisse
539 2900 642 2961 foedus
662 2900 734 2960 deri
784 2896 892 2961 Consul
915 2901 1061 2979 inpeditus
1083 2926 1101 2968 a

125 2984 249 3045 tribunis
271 2982 368 3062 plebei
387 3002 426 3044 ne
448 3000 520 3062 quas
540 2990 693 3063 paraverat
716 2984 814 3063 copias
834 3001 935 3045 seeum
957 2995 1099 3063 portaret,

124 3069 224 3146 paucis
247 3067 350 3129 diebus
369 3068 400 3129 in
422 3066 550 3129 Africam
569 3067 776 3147 proficiscitur:
805 3086 874 3129 nam
901 3069 994 3129 omnis
1015 3089 1100 3133 ener-

125 3153 208 3221 titus,
223 3153 265 3215 uti
286 3160 470 3226 convenerat,
487 3150 622 3217 Numidia
645 3149 789 3213 deductus
817 3154 848 3213 in
867 3154 1015 3231 provintia
1037 3155 1131 3223 hie-aa

99 3235 231 3299 tonabat.
253 3237 410 3316 Postquam
424 3254 459 3297 eo
480 3238 569 3306 venit,
590 3252 765 3315 quamquam
779 3237 916 3315 persequi
928 3236 1099 3314 Iugurtham

126 3327 154 3381 et
174 3321 286 3384 mederi
306 3321 452 3381 fraternae
472 3319 595 3381 invidiae
616 3320 712 3381 animo
734 3318 868 3388 ardebat,
898 3321 1020 3397 cognitis
1045 3326 1100 3384 mi-

122 3401 238 3475 litibus,
262 3422 335 3484 quos
359 3410 477 3482 praeter
502 3403 601 3483 lugam
623 3402 718 3465 soluto
734 3402 857 3481 imperio
876 3402 990 3465 licentia
1012 3414 1100 3484 atque
