2378 3864
233 218 275 259 ne
296 217 399 259 sento
422 215 623 262 recurrente
649 216 677 260 c.
700 208 743 263 28·
764 208 808 263 29.
827 209 869 263 30.
998 199 1040 260 to

56 383 87 428 ec
100 364 202 428 habitu
216 382 306 443 supra
320 367 555 428 memoravimus.
585 367 659 427 Nam
675 367 705 426 in
716 365 837 428 consule
852 369 955 427 nostro
966 368 1069 429 mul-o

56 447 672 528 taabouaequeartesetammletcorporls
682 451 1041 527 erantquasomnisara·

55 535 124 595 ritia
138 531 363 612 praepediebat:
377 535 490 610 patiare
503 533 648 604 laborum,
664 535 724 594 acri
740 535 865 611 ingenio
893 536 962 596 satis
973 548 1041 612 pro

57 619 170 688 ridens,
193 615 261 678 colli
281 615 354 677 hant
376 618 503 695 ignaram,
524 618 719 678 firmissumus
741 623 842 678 contra
861 617 993 696 pericula
1014 625 1043 678 at

33 702 186 763 claudiae.
230 700 282 763 Set
302 700 435 777 legiones
451 714 506 780 por
521 701 631 762 Italiam
646 701 771 778 Regium
794 709 883 780 atque
912 703 979 764 inde
999 701 1069 762 Sic

58 785 165 856 cilium,
183 802 276 864 perro
292 802 328 845 er
346 784 440 846 stata
458 787 487 846 in
501 786 838 846 dmkamtransveeteo.
871 786 964 863 Igitur
979 784 1068 846 Cal-7

57 870 184 949 purnius
198 870 279 930 initio
296 871 405 946 paretis
419 869 619 931 cormeatibus
634 871 740 930 acriter
749 869 915 931 Numidiam
931 871 1043 948 ingres-

58 971 110 1016 sam
121 960 170 1016 est
180 953 349 1032 multosque
364 951 496 1014 mortalis
510 959 539 1014 et
556 953 639 1015 urum
654 952 763 1031 aliquot
777 955 935 1031 pugnando
957 955 1042 1033 cepit.

59 1038 113 1100 Set
122 1037 176 1099 ubi
189 1036 330 1115 Iugurtha
341 1053 395 1116 per
409 1038 523 1114 legatos
530 1039 654 1116 pecunia
665 1044 811 1115 temptare-
819 1037 955 1117 telique,
966 1037 1045 1118 quod
1054 1034 1097 1097 29

24 1120 292 1190 eminenebat,
310 1121 497 1199 asperitatem
515 1120 671 1183 comodere
687 1123 797 1200 coepit,
821 1123 936 1183 armans
957 1138 1046 1200 regar

60 1207 181 1268 avaritia
197 1204 282 1266 lacile
296 1222 458 1266 convorsus
480 1212 532 1266 est.
567 1204 706 1266 Ceterum
720 1206 816 1266 socius
831 1212 861 1266 at
878 1206 1072 1267 administert

60 1291 193 1351 omnium
212 1288 399 1350 consiliorum
415 1289 578 1350 adsumitur
588 1289 730 1356 Scaurus,
744 1290 793 1369 qui
805 1291 919 1350 tametsi
933 1308 950 1351 a
965 1291 1046 1368 prin·

61 1375 141 1453 cipio
154 1374 303 1453 plerisque
325 1392 360 1434 er
382 1372 508 1434 laeuone
522 1375 585 1434 eius
601 1373 753 1450 conruptis
771 1389 927 1434 acerrume
944 1389 1047 1450 regem

61 1461 285 1537 impugnaverat,
298 1464 398 1518 mmen
411 1458 611 1536 magnitudine
624 1457 767 1535 pecuniae
784 1474 801 1517 a
815 1455 895 1517 bono
909 1456 1047 1519 nonesto·

27 1560 122 1622 taque
136 1544 168 1603 in
185 1558 307 1620 pravom
326 1539 492 1603 abstractus
510 1549 563 1603 est.
595 1541 648 1602 Set
660 1539 802 1617 Iugurtha
816 1542 913 1620 primo
933 1547 1073 1603 tantuma

62 1627 153 1688 moda
167 1625 239 1687 ltalli
255 1643 369 1688 moram
382 1625 560 1696 redinaebat,
575 1627 755 1686 existumans
771 1641 836 1686 sese
852 1623 960 1704 aliquid
974 1627 1047 1686 inte·

62 1713 121 1773 rim
134 1710 247 1773 llouroe
263 1712 358 1788 pretio
374 1718 425 1772 aut
439 1712 532 1789 gratia
547 1709 735 1771 eliodorum:
757 1717 860 1789 postea
872 1728 944 1772 vero
960 1726 1048 1791 mam

62 1797 238 1876 participem
255 1795 354 1873 negoti
372 1794 518 1856 Scaurum
533 1795 654 1872 meapte,
668 1795 698 1853 in
711 1808 878 1856 maxumam
898 1811 981 1873 mem
998 1795 1048 1855 ad-

63 1881 172 1942 mous
194 1878 416 1958 recuperandae
436 1880 534 1958 pacis,
564 1879 665 1938 statui
690 1894 758 1939 cum
784 1879 826 1939 eis
852 1879 891 1940 de
912 1879 1049 1940 omnibus

30 1962 251 2045 spretionibus
272 1979 413 2044 praesens
432 1978 529 2039 agere.
574 1961 712 2024 (letenna
733 1963 845 2024 interea
864 1963 933 2024 iidei
963 1967 1077 2024 causat

63 2050 192 2110 mittitur
209 2062 229 2108 a
245 2046 371 2109 consulo
388 2047 504 2108 Sextius
526 2054 665 2128 quaestor
688 2047 717 2106 ln
737 2046 878 2124 oppidum
892 2045 1051 2124 iugurthae

64 2132 192 2209 Vagam:
222 2133 307 2193 ouius
332 2133 378 2192 rei
406 2133 520 2210 species
547 2137 611 2191 eret
632 2130 764 2208 acceptio
790 2129 944 2200 trumenti,
973 2129 1051 2209 quod

65 2216 243 2294 (immunius
262 2213 359 2293 palam
380 2215 482 2292 legatia
503 2216 710 2292 tmperaacrat
738 2215 875 2292 moniam
897 2214 1051 2276 deditionis

64 2314 152 2363 mora
167 2298 302 2361 Muciae
317 2298 511 2376 agitabantur.
543 2297 637 2375 Igitur
649 2314 717 2368 rer,
741 2299 784 2358 uti
803 2299 1003 2369 constituerat,
1019 2300 1080 2360 ino

31 2391 165 2450 aocastra
182 2384 260 2444 venit
276 2400 311 2444 ac
330 2401 424 2461 pauca
445 2382 592 2461 praesenti
613 2381 733 2442 consilio
751 2379 867 2443 locutus
888 2383 925 2445 de
946 2383 1052 2445 inuidia

66 2470 138 2530 iacti
152 2468 198 2528 sui
220 2474 308 2548 atquo
327 2468 371 2529 nti
392 2469 422 2528 in
442 2466 619 2528 deditionem
636 2467 834 2543 acciperetur,
858 2466 969 2528 relicm
985 2485 1053 2530 cum

67 2553 166 2614 dania
188 2557 217 2613 ct
238 2551 349 2614 Scauro
372 2557 486 2613 secreta
505 2550 652 2627 transigit:
672 2549 743 2610 dein
765 2556 885 2628 postero
903 2552 950 2613 die
971 2554 1054 2631 quasi

67 2642 275 2716 pausaturum
301 2637 451 2698 sententiis
473 2634 622 2713 caprinus
644 2636 673 2694 in
694 2632 872 2696 deditionem
900 2637 1051 2716 accipitur.

68 2722 137 2790 Set,
150 2720 195 2781 uti
207 2731 266 2798 pro
283 2719 403 2782 oonsilio
415 2722 593 2800 imperatum
604 2723 676 2790 erat,
693 2719 838 2797 elephanti
857 2720 984 2800 triginta,
1000 2739 1054 2803 pes
1062 2724 1080 2776 c

34 2820 124 2869 rocus
140 2810 229 2883 atque
251 2805 320 2883 equi
339 2802 422 2865 multi
436 2820 504 2866 cum
518 2820 609 2882 paroc
629 2805 744 2880 argenti
757 2803 889 2883 pondere
906 2807 1055 2884 quaestori

68 2889 240 2950 traduntur.
287 2887 469 2967 Calpumlus·
486 2888 611 2949 Rumam
636 2888 673 2949 ad
699 2888 885 2966 magistratus
907 2891 1080 2968 rogandost

69 2972 276 3052 proficiscitur.
304 2973 337 3032 ln
348 2972 482 3034 Numidia
501 2978 531 3032 et
546 2973 676 3034 exercitu
689 2978 791 3032 nostro
804 2989 861 3050 pax
881 2973 1053 3051 agitabatur.

157 3054 315 3134 Postquam
334 3072 383 3117 res
401 3057 432 3116 in
451 3056 547 3117 Atriea
566 3062 794 3136 gestusquoque
810 3056 995 3119 moderatae
1011 3051 1106 3117 lodo

72 3147 141 3204 rent
156 3140 233 3201 fama
255 3138 424 3218 divulgavit,
441 3140 554 3201 llomao
570 3152 628 3217 per
645 3140 741 3200 omnis
756 3137 838 3202 locos
853 3148 882 3201 ot
896 3146 1055 3202 conventus

36 3246 62 3290 aa
72 3227 111 3288 de
120 3225 203 3286 laeto
216 3224 344 3285 consulis
354 3224 467 3302 agitari.
490 3224 575 3301 Apud
590 3222 707 3300 plebem
722 3226 818 3302 gravis
828 3223 944 3293 invidia,
956 3230 1056 3302 patres

69 3306 189 3371 solliciti
210 3316 309 3369 erant:
329 3308 528 3388 probarentne
544 3312 659 3368 tantum
677 3307 821 3387 llagitium
842 3325 880 3367 an
903 3307 1055 3369 decretum

73 3391 204 3455 commis
223 3391 432 3457 mcvonarau
450 3408 558 3474 parum
579 3391 741 3453 constabat.
783 3392 825 3452 dc
844 3406 981 3452 maxume
1003 3397 1081 3452 cosa

71 3476 204 3557 potentia
218 3474 330 3546 Scauri
353 3477 432 3558 quod
451 3479 475 3540 is
492 3481 595 3539 auctor
613 3482 642 3536 ct
656 3477 754 3536 socius
768 3475 881 3536 Bestiae
897 3474 1056 3545 ferebatur,
