2378 3864
157 163 217 228 106
317 185 358 228 ou
380 186 481 229 annuo
503 184 698 230 wnvsumno
720 188 746 228 c.
763 177 823 230 llo.
840 172 897 226 lll.
916 175 977 229 112.

155 336 272 413 eguisse
294 335 451 415 aliquando
468 342 535 398 tuae
550 337 709 422 amicitiae,
733 352 791 413 qua
806 334 883 413 apud
899 335 1032 396 animum
1049 351 1141 396 meum

123 419 227 480 anihil
239 421 337 482 carius
347 420 452 483 habeo.
487 421 518 481 ld
530 420 604 481 adea
617 421 747 500 experiri
757 419 842 481 iicet:
864 434 945 481 arma
960 420 1043 481 viros
1055 437 1141 499 pecu·

154 509 241 575 niam,
253 513 403 584 postremo
415 504 551 583 quicquid
568 506 665 564 annno
683 503 772 575 lubet,
789 521 872 566 sume
884 510 979 575 utere,
1000 511 1030 566 et
1046 505 1136 585 quoad

153 593 240 661 vives
263 606 423 668 numquam
453 587 505 648 tibi
539 587 683 649 redditam
696 589 820 665 gratiam
837 590 1001 667 putaveris:
1021 607 1138 669 semper

153 673 231 750 apud
244 691 292 734 me
304 674 417 749 integra
434 672 506 733 erit:
521 671 647 752 denique
656 671 729 732 nihil
740 688 787 733 me
804 674 914 733 sciente
927 672 1040 734 trustra
1053 672 1154 735 votesa

130 757 241 827 uitam,
254 750 288 818 ut
302 773 357 834 ego
372 761 518 826 aastumo,
531 772 632 834 regem
644 757 733 817 armis
745 774 833 835 quam
848 757 1048 819 munificentia
1067 759 1139 819 vinci

125 843 250 905 ominus
265 840 440 916 flagitiosam
456 846 508 900 est.
541 839 677 900 datorum
691 840 730 900 de
747 858 781 901 re
797 839 1041 919 publicanam,
1059 842 1139 903 cuius

153 930 272 984 curator
293 922 353 984 huc
373 923 481 984 missus
499 940 545 992 es,
568 924 669 1004 paucis
685 926 794 1002 accipe.
831 922 945 986 Bellum
962 940 1017 1001 ego
1032 925 1138 1004 populo

152 1007 285 1068 Romano
302 1024 398 1086 aequm
420 1006 486 1076 feci,
508 1023 605 1085 neque
626 1007 735 1068 iactum
753 1021 893 1088 umqtiam
915 1005 1011 1069 votui:
1034 1010 1138 1071 attinio

127 1104 235 1152 rmeos
254 1091 411 1151 advorsum
434 1095 563 1150 armatos
587 1092 677 1150 armis
706 1097 815 1152 tutatus
843 1108 918 1152 sum.
970 1091 1004 1152 Id
1024 1094 1163 1162 ominem

149 1172 523 1252 quandcvobisitapiacet:
538 1177 641 1251 gerite,
650 1175 1137 1255 quoadvaittscumiugurthatet-

149 1257 220 1318 ium.
241 1255 626 1335 Egoilumeutiuluccham,
638 1259 1136 1340 quodintermeetitiiclpsamiuit,

124 1356 209 1407 ttnon
214 1343 359 1421 egrediar,
367 1357 464 1418 neque
472 1338 531 1420 [id]
538 1341 649 1400 intrare
656 1337 829 1416 Iugurtham
835 1339 937 1399 sinam.
950 1339 1107 1401 Praeterea
1118 1340 1139 1399 si

153 1427 223 1504 quid
233 1444 340 1506 meque
355 1424 497 1502 vobisque
508 1422 629 1501 dignum
639 1423 785 1502 petiveris,
797 1422 870 1483 daut
879 1422 1020 1501 repulsus
1032 1421 1138 1485 abibis!

103 1509 158 1569 111
237 1511 280 1572 Ad
296 1528 330 1570 ea
344 1507 424 1570 Sulla
437 1524 493 1586 pro
508 1524 540 1573 sc
552 1505 684 1567 treviam
695 1514 724 1567 at
737 1507 861 1576 modice,
876 1506 915 1567 de
930 1524 1004 1585 paca
1017 1514 1050 1569 et
1060 1521 1163 1570 com-a

151 1594 289 1656 munibus
300 1592 390 1654 rebus
404 1589 503 1652 multis
516 1589 667 1651 disseruit:
683 1591 809 1670 denique
820 1591 884 1667 regi
895 1591 1051 1668 patefecit:
1065 1590 1139 1672 quad

150 1679 355 1757 polliceretur,
374 1680 508 1736 senatum
525 1681 555 1735 et
569 1673 712 1754 munium
723 1674 907 1744 itomanam,
929 1677 1075 1755 quioniam
1096 1693 1138 1736 ar-

150 1765 205 1822 mis
222 1760 347 1839 amplius
357 1758 524 1827 valuissent,
535 1775 597 1817 nou
608 1760 638 1819 in
649 1759 773 1835 gratiam
786 1757 954 1820 maturos:
971 1759 1138 1821 iaciundum

151 1862 215 1905 esse
231 1843 354 1923 aliquid,
372 1841 451 1920 quod
464 1841 580 1902 iliarum
601 1844 694 1920 magis
711 1858 799 1921 quam
815 1859 868 1904 aaa
882 1841 1020 1906 cardine
1030 1844 1138 1906 videre·

152 1938 216 1989 tur:
241 1928 270 1988 id
287 1927 361 1987 adeo
384 1928 414 1985 in
437 1931 575 2003 promptu
591 1941 666 1994 ease,
687 1928 825 2004 quoniam
847 1928 961 2006 copiam
981 1922 1160 2008 'Iugurthactt

150 2011 292 2073 haberet:
314 2026 403 2090 quem
420 2011 445 2070 si
462 2008 602 2070 Romanis
625 2010 807 2080 tradidisset,
834 2008 899 2072 iore
916 2017 948 2071 ut
978 2010 1021 2072 itii
1041 2011 1139 2092 pluru-

150 2115 232 2158 mum
244 2096 420 2157 deberetur:
437 2093 603 2164 amicitiam,
619 2093 732 2164 foedus,
749 2093 903 2156 Numidiae
912 2101 1040 2174 putem,
1055 2112 1139 2176 quem

125 2189 231 2242 anund
249 2187 379 2259 peteret,
401 2177 480 2240 ultro
495 2183 567 2240 nanc
582 2176 782 2239 adventuram.
803 2176 867 2239 Rex
881 2180 1139 2258 primo·negitare:

151 2266 369 2340 cognationem,
398 2263 590 2330 adfinitatem.
617 2268 772 2340 praeterea
801 2261 905 2324 foedus
934 2264 1139 2326 intervenisse:

150 2347 185 2408 ad
215 2347 443 2416 boematum,
470 2363 509 2406 ne
533 2347 615 2408 ritum
639 2347 700 2408 uae
728 2362 799 2407 usus
820 2345 1008 2424 popularum
1028 2350 1163 2410 animoa

151 2437 307 2501 avorteret
330 2432 397 2510 quis
419 2438 448 2492 et
465 2429 608 2508 iugurtha
626 2447 727 2500 carus,
748 2436 777 2491 at
797 2427 922 2491 Romani
944 2432 1029 2493 invisi
1051 2438 1139 2494 emt

123 2515 283 2595 alienique
299 2516 415 2594 saepius
432 2515 568 2591 fatigatus
580 2514 690 2597 lenitur
704 2520 733 2575 et
744 2531 784 2575 ex
800 2513 949 2575 voluntate
965 2514 1067 2578 Sullae
1080 2531 1139 2577 unu

123 2601 197 2660 ania
212 2617 244 2660 se
261 2599 407 2660 iacturum
423 2600 575 2677 promittit
609 2598 745 2660 Cetanam
765 2598 802 2660 ad
817 2597 1013 2660 simulandam
1025 2616 1138 2678 paoem,

150 2686 233 2744 cuius
253 2683 378 2744 Numida
400 2682 533 2744 defessus
551 2681 629 2743 bello
647 2682 842 2744 avidissumus
866 2688 939 2753 erat,
959 2699 1041 2764 'miae
1063 2682 1139 2746 atita

149 2768 210 2827 visa
233 2768 422 2829 constituunt.
462 2766 505 2827 tta
523 2768 678 2844 conposito
692 2764 764 2826 dolo
785 2765 1003 2844 digrediuntur.
1146 2772 1164 2816 n

102 2849 161 2910 112
234 2849 270 2909 At
290 2867 344 2912 rex
364 2857 483 2931 postero
508 2850 555 2912 die
571 2851 722 2928 amarem,
743 2849 906 2927 iugurthae
930 2851 1072 2931 legatum,
1094 2850 1140 2912 ad·

149 2931 239 3013 pellat
251 2933 393 3012 dicitque:
417 2934 472 2996 sibi
487 2951 542 3013 per
555 2933 702 2995 Dabarem
717 2952 754 2995 ex
769 2932 848 2995 Sutia
867 2937 1036 3014 cognitam,
1055 2950 1141 3015 possa

151 3016 367 3078 conditionibus
384 3018 494 3080 beilum
508 3020 599 3097 poni:
617 3035 707 3097 quam
725 3017 844 3080 obrem
864 3019 942 3098 regia
964 3020 1011 3080 sai
1024 3027 1141 3082 aenton-

124 3103 220 3162 utiam
243 3102 421 3181 exquireret.
460 3100 512 3165 itte
534 3103 628 3164 taetus
645 3104 679 3164 in
694 3109 791 3166 casua
806 3101 966 3181 Iugurthae
979 3105 1141 3185 prodenti·

149 3193 213 3256 tur,
237 3185 343 3248 deinde
365 3184 402 3246 ab
421 3184 474 3246 ilio
495 3193 600 3248 cuncta
623 3186 745 3248 edoctus
765 3191 1056 3267 properatoaitinera
1079 3195 1166 3268 poca

155 3277 235 3338 diem
247 3281 381 3337 octavum
392 3271 471 3333 redit
481 3270 517 3330 ad
526 3269 716 3332 Bocchumet
724 3269 753 3329 ei
764 3269 896 3329 nuntiat:
908 3268 1085 3348 Iugurtham
1097 3289 1144 3334 cn·

156 3379 228 3439 pere
240 3361 348 3430 omnia,
359 3375 434 3436 quae
444 3357 673 3432 moererentur,
682 3353 794 3423 iacere,
806 3353 1145 3435 setMarioparumcon·

151 3445 258 3504 vaae
276 3461 369 3514 meuc
380 3448 467 3505 antea
478 3457 546 3499 cum
558 3436 940 3519 imperatoribusttomanu
954 3455 1060 3514 pacem
1076 3456 1145 3503 oon·
