2378 3864
234 207 276 248 00
294 205 398 248 arcuo
422 204 623 248 4404044000
646 205 672 247 0.
687 196 729 249 46.
753 196 795 250 47.
818 197 859 250 48.
1000 189 1040 249 117

56 353 213 433 praelectis
232 353 396 415 cohortium
412 352 628 430 dispertiverat,
652 363 684 414 ut
699 371 766 416 cum
782 353 823 412 eis
841 356 976 432 permixti
992 374 1040 416 ve·

55 439 131 508 lites,
148 454 335 518 0000040004
353 435 541 508 adcederent,
553 438 697 514 equitatus
719 437 846 498 hostium
886 439 1040 518 propulsa·

55 528 133 582 rent.
166 520 241 582 Nam
255 521 285 580 in
301 519 441 598 Iugurtha
460 525 558 580 tantus
579 519 664 581 dolus
683 527 822 600 tantaque
841 523 944 601 peritia
959 521 1064 582 loco-8

57 623 127 666 rum
145 612 174 665 et
187 603 306 664 militiae
322 610 392 672 erat,
408 610 441 663 ut
457 601 563 663 absens
576 621 614 664 an
629 622 784 682 praesens,
807 622 910 682 pacem
926 624 962 665 40
977 605 1040 667 bel·

35 688 120 750 410444
145 704 251 766 344404
288 688 474 764 pemitiosior
498 694 575 748 esset
588 688 618 746 in
640 690 751 750 incerto
770 688 939 750 haberetur.

141 771 213 831 Erat
226 771 298 831 haut
311 768 398 847 longe
418 769 455 830 ab
474 771 640 841 401110444,
664 790 721 851 000
739 771 871 834 Metellus
887 772 1038 851 pergebat,
1049 769 1089 829 47

56 856 198 935 oppidum
215 853 422 923 Numidarum,
445 855 563 915 nomine
585 855 678 933 Vaga,
711 855 808 916 lorum
827 872 930 918 rerum
952 875 1040 918 4404·

54 940 128 1000 lium
138 939 227 999 totius
237 939 322 1016 44301
332 955 468 998 maxume
483 936 670 1007 celebratum,
678 939 729 1000 ubi
742 947 770 1000 et
781 939 909 1002 incolere
922 948 952 1002 et
962 959 1040 1002 mer·

56 1023 119 1084 ceri
137 1028 349 1083 consueverant
362 1020 454 1082 ltalici
470 1023 587 1098 generis
598 1022 680 1084 multi
696 1023 843 1084 mortales.
859 1025 924 1086 lluc
938 1023 1067 1087 consule

25 1119 48 1161 44
55 1105 143 1166 410401
163 1105 323 1184 temptandi
344 1107 437 1182 gratia
459 1107 483 1165 si
503 1112 688 1183 paterentur,
711 1117 740 1169 et
760 1109 795 1168 ob
809 1109 1040 1190 opportunitates

55 1190 115 1250 loei
127 1189 307 1268 praesidium
321 1189 464 1267 inposuit:
489 1195 641 1266 praeterea
650 1192 806 1270 imperavit
815 1190 995 1252 trumentum
1011 1199 1040 1252 41

56 1273 112 1335 4114
134 1291 210 1350 quae
231 1270 309 1332 bello
324 1273 391 1334 usui
405 1271 503 1331 forent
518 1279 707 1350 conpertare,
730 1281 825 1341 ratus,
849 1274 878 1334 id
896 1275 974 1353 quod
991 1293 1040 1335 res

56 1355 204 1424 monebat,
222 1354 416 1434 frequentiam
445 1358 661 1431 negotiatorum
689 1365 718 1415 et
739 1363 895 1416 000044410
927 1359 1040 1417 104410-

56 1458 123 1500 ram
145 1440 306 1501 exereitum
326 1446 355 1499 et
375 1441 432 1500 iam
455 1440 563 1516 paratis
576 1439 666 1500 rebus
683 1441 865 1501 munimento
887 1440 960 1501 1044.

27 1538 49 1578 rs
142 1522 222 1583 luter
248 1521 322 1583 haee
349 1525 466 1601 0430114
489 1521 628 1600 Iugurtha
649 1525 800 1602 inpensius
821 1523 909 1584 modo
928 1523 1065 1603 14341043

57 1606 198 1685 subplicis
219 1607 350 1674 mittere,
373 1623 476 1685 pacem
497 1623 600 1675 04444,
621 1614 738 1685 praeter
760 1625 842 1668 suam
862 1606 1039 1669 liberorum·

58 1709 114 1770 004
135 1691 223 1750 ritem
244 1689 342 1749 omnia
355 1689 470 1750 Metello
494 1690 610 1751 dedere.
647 1691 727 1763 Quos
747 1693 832 1760 item,
854 1693 897 1752 uti
914 1693 1063 1770 prioress

57 1773 161 1835 consul
176 1771 298 1834 inlectos
314 1772 351 1833 ad
364 1773 560 1852 proditionem
576 1773 695 1835 domum
711 1774 888 1845 dimittebat,
908 1777 973 1853 regi
987 1794 1040 1855 pa·

59 1875 124 1918 cem
146 1874 235 1936 00404
258 1855 425 1935 postulabat
447 1873 543 1935 04004
565 1856 695 1919 abnuere
717 1877 814 1938 04004
836 1858 984 1938 polliceri,
1011 1867 1040 1920 et

27 1942 134 2002 4410144
156 1957 206 2001 004
223 1957 322 2000 400444
343 1941 486 2018 promissa
505 1938 669 2017 legatorum
690 1950 855 2023 expectare.
898 1942 1038 2022 Iugurtha
1048 1943 1087 2005 48

57 2024 108 2086 0141
126 2022 235 2085 Metelli
265 2024 340 2084 (11014
370 2023 542 2085 0040140114
563 2028 717 2102 conposuit
737 2045 771 2087 ac
793 2044 825 2088 44
846 2029 907 2088 4014
927 2025 1039 2087 44111404

56 2108 194 2187 temptari
209 2108 339 2168 animum
357 2108 490 2178 advortit,
510 2109 617 2187 quippe
633 2111 680 2169 cui
698 2109 795 2170 verbis
813 2127 870 2188 pax
884 2109 1037 2170 nuntiaba·

56 2199 118 2262 tur,
143 2198 276 2252 ceterum
296 2190 461 2253 rebellum
482 2208 687 2269 asperrumum
711 2200 788 2262 erat,
811 2191 884 2254 urbs
902 2210 1038 2254 maxuma

56 2275 190 2344 alienata,
202 2290 273 2351 4304
287 2274 420 2336 hostibus
435 2275 577 2351 00301104,
594 2276 682 2335 401041
693 2275 879 2354 popularium
894 2279 1035 2357 temptati,

27 2366 176 2422 40040100
190 2374 290 2418 444004
312 2358 525 2420 necessitudine
547 2360 646 2419 statuit
669 2361 757 2419 440414
779 2367 902 2422 0441440.
947 2361 1063 2438 1311044

57 2442 208 2521 explorato
229 2440 355 2503 hostium
376 2443 480 2503 itinere
521 2443 552 2503 10
572 2460 654 2523 spem
675 2445 813 2505 victoriae
836 2443 977 2504 adductus
997 2463 1033 2505 ex

55 2523 350 2607 opportunitateloci,
359 2544 447 2604 quam
456 2532 711 2603 maxumaspotest
724 2528 823 2605 copias
837 2527 967 2587 omnium
982 2543 1032 2602 ge·

56 2625 162 2670 nerum
191 2615 275 2685 parat
301 2626 336 2669 ac
363 2626 417 2687 per
440 2611 570 2670 tramites
592 2607 722 2670 occultos
744 2611 905 2670 exercitum
928 2609 1033 2670 Metelli

56 2693 210 2754 antevenit.

26 2789 48 2832 40
139 2775 210 2835 Erat
225 2777 254 2836 in
271 2795 305 2837 ea
319 2784 403 2854 parte
415 2776 575 2846 Numidiae,
589 2794 675 2856 quam
691 2775 838 2836 Adherbal
854 2778 883 2837 in
898 2777 1062 2839 (1141410043

56 2859 241 2936 possederat,
269 2858 379 2920 ssumen
405 2862 503 2922 oriens
525 2860 695 2928 ameridie,
724 2863 842 2921 nomine
865 2860 992 2931 Muthul,
1020 2881 1035 2922 a

56 2961 112 3022 000
135 2942 239 3004 aberat
256 2960 340 3003 mons
356 2943 449 3004 lerme
464 2945 543 3006 401114
558 2941 725 3025 [passuum]
741 2944 1034 3024 41310111440100441,

56 3035 153 3088 444104
173 3025 211 3088 ab
233 3033 338 3088 natura
354 3034 383 3088 et
400 3026 529 3088 humano
544 3028 638 3089 cultu:
660 3033 705 3088 set
724 3045 760 3087 ex
782 3044 817 3088 eo
835 3029 931 3089 medio
954 3031 1035 3109 quasi

56 3111 136 3172 collis
156 3109 320 3181 oriebatur,
343 3112 373 3171 in
390 3112 555 3174 inmensum
568 3112 753 3191 pertingens,
775 3113 894 3173 restitus
910 3112 1035 3173 oleastro

26 3205 89 3255 1440
108 3196 245 3257 murtetis
258 3193 378 3274 aliisque
400 3194 559 3272 generibus
578 3194 734 3264 arborum,
758 3214 833 3273 0044
848 3195 930 3257 140041
952 3196 1034 3257 arido

57 3284 143 3358 atque
162 3279 308 3339 harenoso
330 3280 498 3356 gignuntur.
539 3278 632 3339 Medic
649 3284 745 3339 autem
765 3277 899 3357 planities
921 3279 1061 3343 desertat

56 3363 196 3439 paenuria
211 3379 304 3441 40044
325 3368 442 3441 praeter
456 3362 568 3424 11004101
591 3363 756 3441 propinqua
774 3362 852 3424 loca:
875 3381 909 3424 ea
924 3365 1037 3423 consita
1124 3424 1126 3430 ,

56 3445 181 3510 arbustis
196 3463 305 3525 pecore
321 3452 407 3526 atque
426 3446 586 3508 cultoribus
601 3445 872 3524 1400040141440104.

839 3547 881 3608 51
