2378 3864
142 175 184 236 92
318 190 360 231 nn
381 188 485 229 nunno
509 184 710 230 rvovurnmo
723 184 762 252 ⁴o.
779 174 822 229 87.
840 173 884 228 88.
908 174 950 227 89.

90 339 132 401 87
228 339 280 399 Set
295 339 398 400 consul
417 336 538 415 expletis
547 334 712 414 legionibus
727 331 954 410 cohortibusque
969 328 1120 391 auxiliariis

142 425 172 484 iu
194 440 298 501 agrum
317 422 443 484 fertilem
465 427 495 480 et
514 418 624 499 praeda
644 425 780 480 onustum
799 415 1005 495 proficiscitur,
1029 415 1120 475 omnia

141 508 182 568 ibi
202 514 286 584 capta
300 505 440 567 militibus
462 504 564 573 donat,
585 503 653 564 dein
676 500 794 563 castella
813 508 842 562 et
858 499 966 578 8881818
981 506 1085 561 natura
1097 505 1122 558 et

141 593 210 652 viris
225 608 332 668 parunt
354 590 464 650 munite
486 586 666 666 adgreditur,
688 584 799 664 proelia
816 583 917 654 mutu,
938 589 1073 646 ceterum
1084 581 1122 642 le·

116 676 196 744 2via,
208 674 264 735 alia
273 674 336 735 aliis
348 673 421 735 locis
432 672 539 733 lacere.
555 670 675 733 luterim
689 670 757 732 nori
769 669 874 730 milites
884 668 948 733 sins
958 673 1042 731 motu
1053 684 1139 745 pus-s

141 776 199 820 uae
218 759 334 820 adesse:
361 757 462 818 videre
482 755 619 832 fugientis
640 755 705 833 capi
718 760 769 814 aut
790 752 897 821 occidi,
925 752 1124 815 fortissumum

142 859 289 921 88881888
298 842 497 918 tutissumum,
515 840 604 900 armis
618 837 791 906 libertatem,
805 837 930 916 patriam
937 836 1125 914 parentisque

114 933 171 986 ³et
192 925 248 987 alia
269 926 366 986 omnia
379 927 454 1001 tegi,
474 922 597 1002 gloriam
612 931 699 1000 atque
714 922 827 983 divitias
841 921 952 999 quaeri
980 919 1030 985 Sic
1046 919 1125 981 brevi

140 1011 233 1088 spatio
241 1006 627 1086 noriveteresqueooalncre
635 1007 761 1067 etuirtns
769 1003 1124 1084 omniumacqualistaota

114 1106 131 1152 4
224 1094 261 1152 dt
283 1110 383 1169 reges,
404 1090 456 1152 ubi
476 1091 514 1152 de
534 1090 660 1152 adventu
675 1089 747 1151 llari
769 1106 948 1168 cognovero,
970 1088 1081 1151 disorsi
1096 1088 1149 1153 iun

140 1175 221 1236 locos
236 1176 359 1236 difficilis
373 1175 492 1237 absunt.
513 1175 556 1236 lta
567 1174 726 1252 Iugurthae
740 1175 901 1253 placuerat,
914 1173 1047 1251 speranti
1060 1189 1125 1233 mox

141 1261 249 1321 effusos
263 1261 356 1321 bostis
369 1260 466 1321 invadi
480 1277 585 1338 posse:
605 1258 770 1330 Romanos,
793 1258 878 1320 sicuti
891 1257 1065 1337 plerosque,
1080 1273 1124 1316 re·

140 1352 220 1404 moto
247 1354 327 1405 metu
350 1344 445 1406 laxius
468 1343 662 1422 licentiusque
685 1343 810 1405 futuros.

90 1425 129 1487 88
225 1427 358 1490 Metellus
377 1430 489 1489 interca
503 1427 629 1488 Romam
642 1425 793 1505 prefectus
815 1433 918 1488 eontra
937 1441 1023 1504 spem
1044 1442 1124 1487 suam

139 1513 314 1575 laetissumis
333 1513 439 1573 animis
459 1512 617 1590 accipitur,
639 1510 721 1589 plebi
740 1510 947 1590 patribusque,
971 1519 1150 1590 postquamn

139 1597 245 1659 invidia
266 1597 426 1666 tleceserat,
445 1597 525 1656 iuxta
544 1612 641 1656 carus.

26 1705 31 1710 ·
114 1689 130 1736 2
224 1681 275 1740 Set
293 1679 403 1741 llarins
424 1679 540 1757 irrpigre
559 1678 782 1759 prudentesque
803 1696 927 1740 snorum
948 1686 979 1740 et
998 1679 1126 1741 bostium

139 1781 189 1825 res
210 1765 320 1842 pariter
341 1763 514 1831 adtentiore,
538 1779 719 1840 cognoscere
740 1763 810 1842 quid
831 1762 903 1824 boni
922 1763 1061 1842 tetrisque
1078 1769 1126 1824 aut
1150 1838 1153 1850 Ι

143 1854 246 1908 contra
268 1854 354 1917 esset,
377 1845 531 1924 explorare
553 1847 659 1912 binata
672 1864 793 1926 regum,
817 1845 936 1908 consilia
958 1854 989 1908 et
1007 1846 1125 1910 iusidias

140 1948 244 1997 eorunr
270 1932 455 1999 antevenire,
478 1929 551 1991 nibil
577 1930 658 2009 apud
681 1949 713 1992 se
739 1932 895 1993 remissum
924 1948 1022 2009 neque
1050 1929 1150 2012 apudso

112 2013 204 2076 sillos
223 2021 318 2078 tntum
333 2015 402 2094 pati.
435 2014 537 2093 1888888
554 2020 585 2077 et
599 2015 738 2077 Gaetulos
757 2024 786 2075 et
799 2014 973 2092 Iugurtham
988 2033 1026 2077 ex
1041 2016 1124 2077 sociis

138 2102 247 2162 nostris
267 2099 392 2179 praedas
407 2099 520 2178 agentis
539 2116 627 2178 saepe
649 2098 806 2177 adgressus
822 2099 855 2161 in
874 2100 981 2162 itinere
1002 2099 1125 2169 luderet,

139 2185 295 2263 ipsumque
308 2199 411 2261 regem
424 2182 497 2244 haut
509 2185 615 2262 procul
629 2182 666 2245 ab
679 2184 787 2262 oppido
801 2181 878 2245 t'irta
892 2182 981 2244 armis
996 2192 1124 2246 exuerat.

114 2265 222 2336 eQuae
243 2276 398 2347 postquam
420 2267 547 2347 gloriosa
565 2269 652 2330 modo
668 2286 765 2348 neque
782 2266 852 2330 belli
866 2268 1002 2346 patrandi
1018 2285 1125 2347 cogno·

138 2349 188 2420 vit,
211 2353 311 2412 statuit
331 2350 429 2420 urbis,
455 2369 533 2430 quae
551 2352 622 2412 viris
643 2359 693 2413 aut
710 2352 779 2414 loco
792 2370 848 2430 pro
870 2351 1004 2415 hostibus
1027 2361 1057 2415 et
1078 2351 1150 2414 adn

137 2437 588 2516 vorsnmseopportunissumac
613 2443 712 2506 erant,
741 2435 872 2513 singulas
898 2438 1125 2499 circumveru'ro:

137 2521 176 2579 ita
191 2519 365 2597 Iugurtham
379 2528 429 2580 aut
449 2520 602 2597 praesidiis
623 2520 776 2597 nudatum,
788 2520 820 2594 ,si
839 2538 874 2580 88
894 2526 1064 2598 pateretur,
1079 2528 1126 2583 aut

112 2602 252 2681 58888118
274 2610 465 2663 certaturum.
507 2601 582 2663 Nam
602 2602 738 2664 Bocchus
757 2605 876 2662 nuntios
896 2603 935 2664 ad
956 2621 1026 2664 eum
1041 2623 1126 2685 saepe

136 2686 272 2753 miserat,
293 2683 368 2744 velle
381 2683 484 2762 888811
498 2683 624 2745 Romani
638 2686 807 2745 amicitiem:
829 2704 867 2745 ne
882 2685 952 2764 quid
971 2687 1009 2746 ab
1025 2707 1060 2752 se
1074 2690 1125 2753 bo·

110 2767 202 2826 ostile
214 2768 340 2828 timeret.
374 2766 408 2828 ld
426 2765 642 2828 simulaveritne
662 2786 721 2846 quo
734 2769 900 2845 inprovisus
916 2770 1034 2846 grauior
1052 2773 1149 2837 aucis

136 2848 228 2918 deret,
249 2867 287 2910 an
301 2848 464 2912 mobilitate
478 2852 577 2928 ingeni
589 2858 798 2932 pacem-atque
816 2850 927 2912 bellum
941 2861 1060 2920 mutare
1080 2876 1125 2921 so·

85 2931 126 2996 89
134 2932 217 3003 litus,
249 2951 355 3012 parum
380 2934 566 3014 exploratum
586 2944 638 2997 cst.
687 2935 738 2997 Set
759 2935 877 3007 consul,
903 2939 946 2999 uti
973 2948 1124 3011 statueret,

137 3017 244 3096 oppida
264 3017 442 3097 castellaque
458 3021 569 3080 munita
588 3020 684 3091 adire,
706 3022 813 3099 partim
835 3025 864 3084 ri
902 3023 956 3085 alia
972 3032 1054 3087 metu
1076 3034 1126 3089 aut

111 3103 267 3179 rpraemia
283 3104 458 3164 ostentando
472 3112 607 3167 avortere
620 3105 657 3166 ab
672 3105 816 3168 hostibus.
845 3108 888 3168 dc
901 3109 998 3187 primo
1012 3111 1123 3172 medic·

135 3187 196 3248 cria
223 3185 361 3265 gerebat,
391 3189 569 3249 existumans
589 3189 763 3268 Iugurtham
792 3191 829 3252 ob
848 3209 917 3254 suos
939 3194 1077 3256 tutandos
1093 3196 1148 3257 ius

108 3280 240 3333 suranus
255 3279 422 3334 venturum.
459 3271 511 3333 Set
525 3274 577 3335 ubi
592 3274 674 3336 illurn
696 3275 803 3353 procul
824 3275 928 3338 abesse
946 3286 975 3338 et
992 3277 1122 3341 8111888·

135 3356 223 3431 gotiis
243 3357 388 3418 intantum
413 3358 539 3434 accepit,
565 3361 677 3420 maiora
703 3366 734 3420 et
757 3362 850 3438 magis
877 3377 981 3439 aspera
1002 3361 1122 3442 adgredi

135 3444 252 3517 tempus
272 3441 366 3501 visum
387 3448 439 3502 est.

59 3532 84 3634 l
