2378 3864
136 172 174 234 14
218 190 260 231 nn
281 187 455 235 caraunus
479 190 718 234 cosrvnarronn
742 189 770 234 c.
792 183 834 236 ιθ.
857 183 900 238 ti.
923 182 965 236 28.
982 183 1027 238 ιι.

132 339 289 400 Antonium
312 339 447 417 pactione
468 340 634 416 provinciae
655 339 838 418 perpulerat,
867 357 904 400 ne
926 348 1029 400 conua
1048 358 1111 402 rem

131 422 278 501 publicam
303 424 438 484 sentiret.
468 424 579 484 circum
609 441 640 484 se
668 424 813 503 praesidia
839 424 1001 485 amicorum
1024 432 1112 504 atque

106 505 282 571 bellantium
292 504 406 568 occulte
420 495 555 567 babebat.
579 507 737 585 Postquam
749 507 810 568 dies
825 507 1009 568 comitiorum
1022 511 1110 579 venit,

131 597 160 652 et
182 589 319 651 Catilinae
337 586 433 666 neque
449 590 549 666 petitio
564 608 660 670 neque
677 591 808 667 insidiae,
819 607 892 668 quas
912 589 1110 673 [consulibus]

130 676 160 734 in
176 690 279 752 campo
294 672 561 750 iecerat‚prospere
575 692 706 743 cessere,
723 675 870 735 constituit
885 673 996 736 bellum
1012 676 1130 737 iaceres

131 764 160 818 et
174 763 303 818 extrema
319 756 415 816 omnia
438 758 581 836 experiri,
606 759 742 837 quoniam
759 775 834 838 quae
851 756 965 820 occulte
985 765 1111 839 tempta·

129 847 213 902 verat
227 856 330 916 aspera
345 840 488 918 foedaque
503 849 669 902 evenerant.

79 923 118 984 27
213 923 306 999 Igitur
317 923 351 983 G.
364 923 502 985 Manlium
516 924 653 986 Faesulas
669 933 756 1004 atque
772 927 802 985 in
818 943 881 986 eam
896 933 1011 1004 partem
1024 926 1111 987 Etru·

128 1009 205 1076 riae,
229 1005 400 1084 Septimium
419 1009 564 1086 quendam
585 1008 748 1071 Camertem
775 1011 803 1070 in
831 1026 935 1086 agrum
957 1009 1109 1079 Picenum,

130 1091 164 1151 C.
179 1089 284 1151 lulium
305 1092 334 1150 in
349 1090 482 1169 Apuliam
503 1093 622 1162 dimisit,
642 1101 796 1171 praeterea
817 1093 905 1154 alium
929 1092 1000 1163 alio,
1020 1109 1139 1172 quemn

98 1196 114 1244 ι
127 1177 236 1255 ubique
248 1186 447 1258 opportunum
458 1179 513 1240 sibi
524 1181 587 1239 lore
600 1177 747 1241 credebat.
771 1180 885 1240 Interea
896 1179 1006 1239 Rornae
1017 1176 1110 1238 multa

128 1261 214 1324 simul
226 1263 336 1323 moliri·
354 1261 555 1364 [consulibus]
568 1262 688 1324 insidias
699 1263 831 1334 tendere,
847 1279 952 1342 parare
963 1261 1108 1330 incendia,

129 1354 293 1425 opportuna
315 1347 378 1411 loca
400 1357 494 1410 armat
495 1351 520 1409 is
482 1347 702 1410 thominibus
717 1346 867 1408 obsidere:
889 1348 953 1424 ipse
968 1364 1037 1406 cum
1051 1345 1109 1405 tcle

129 1449 202 1499 esse,
219 1432 289 1492 item
305 1430 376 1493 alios
390 1432 504 1503 iubere,
519 1433 634 1493 hortari
648 1433 692 1494 uti
705 1448 822 1509 semper
838 1431 944 1492 intenti
958 1431 1112 1528 paratiqqe

134 1524 256 1577 essent
271 1517 333 1574 dies
354 1517 506 1656 noctisque
528 1517 591 1575 test'
571 1522 665 1575 tmare
686 1515 821 1591 vigilare,
844 1531 941 1593 neque
962 1513 1144 1573 insomniisn

107 1603 232 1677 tneque
251 1596 417 1658 laborelat
388 1600 499 1674 atigari
542 1597 695 1658 Postremo
715 1596 767 1657 ubi
793 1595 883 1658 multa
906 1597 1026 1694 agitanti
1004 1594 1115 1656 tnihil

132 1682 280 1759 procedit,
308 1696 412 1741 rursus
434 1683 463 1740 in
465 1688 606 1758 tempesto
627 1685 715 1741 nocte
736 1681 945 1742 coniurationis
967 1681 1116 1759 principes

106 1770 275 1824 aconvoeat
284 1779 375 1841 penes
390 1763 427 1822 ll.
440 1764 577 1826 Porcium
586 1764 720 1834 Laecam,
736 1762 836 1843 ibique
847 1763 938 1825 multa
951 1764 988 1825 de
1002 1764 1115 1840 ignavia

133 1863 237 1908 eorum
254 1853 374 1926 questus
391 1846 478 1908 docet
492 1866 523 1910 se
541 1846 680 1909 Manlium
697 1849 882 1926 praemisisse
903 1848 939 1909 ad
960 1865 1025 1909 eam
1040 1846 1114 1906 mul·

132 1931 295 2000 titudinem,
319 1947 405 2009 quam
421 1932 456 1991 ad
475 1933 617 2011 capiunda
632 1950 713 1992 arma
728 1938 891 2009 paraverat,
870 1933 979 1993 titem
995 1930 1068 1991 alios
1083 1933 1143 1990 inn

133 2013 188 2075 alia
208 2015 272 2077 loca
287 2025 463 2094 opportuna,
483 2018 531 2096 qui
553 2017 666 2077 initium
690 2014 759 2077 belli
784 2016 932 2085 facerent,
962 2033 1054 2094 seque
1078 2014 1113 2075 ad

133 2101 294 2160 exercitum
309 2098 454 2178 proticisci
477 2117 600 2178 cupere,
622 2102 647 2159 si
661 2101 743 2177 prius
765 2098 936 2161 Ciceronem
952 2098 1114 2178 obpressis·

67 2177 190 2243 '28set2
214 2200 281 2243 eum
303 2184 363 2243 suis
379 2183 505 2245 consiliis
526 2182 651 2245 multum
673 2181 810 2244 obiicere.
840 2184 932 2261 Igitur
951 2183 1115 2262 perterritis

133 2283 167 2326 ac
188 2265 387 2327 dubitantibus
408 2269 513 2328 ceteris
535 2267 570 2328 G
592 2266 744 2328 Cornelius
763 2285 853 2347 eques
872 2267 1021 2328 Romanus
1045 2284 1114 2345 ope·

132 2367 197 2410 ram
226 2366 309 2410 suam
337 2348 484 2428 pollicitus
511 2358 540 2412 et
566 2369 634 2413 cum
661 2369 696 2413 eo
719 2351 750 2411 L
774 2350 969 2428 Vargunteius
996 2357 1145 2412 senatore

135 2435 312 2495 constituere
337 2452 371 2495 ιι
398 2442 485 2496 ιιοιιι
510 2434 598 2514 paulo
625 2443 692 2516 post
719 2453 786 2496 cum
809 2436 927 2496 armatis
947 2434 1114 2495 hominibus

134 2515 250 2552 *****
273 2519 357 2579 sicuti
378 2518 484 2581 salutat
471 2526 535 2582 tum
555 2522 678 2581 introire
698 2519 734 2578 ad
759 2518 930 2579 Ciceronem
954 2537 988 2579 ac
1011 2520 1078 2579 de
1070 2537 1114 2578 m·

105 2603 248 2680 aproviso
273 2602 372 2662 domm
390 2620 461 2664 suae
482 2606 647 2681 inparatum
668 2601 835 2662 confodere.
878 2600 982 2661 Curius
1004 2602 1078 2662 ubi'
1070 2620 1115 2663 ιιι

131 2684 255 2760 tellegit,
280 2690 421 2762 quantum
440 2685 564 2762 periculi
586 2682 697 2745 consuli
716 2682 886 2760 inpendeat‚
909 2700 1038 2760 propere
1060 2703 1115 2762 per
1149 2739 1151 2746 ,

105 2765 262 2828 3Fulviam
284 2766 418 2827 Ciceroni
439 2766 551 2836 dolum,
581 2767 630 2844 qui
651 2763 827 2844 parabatur,
849 2766 989 2825 enuntiat.
1012 2767 1053 2825 lta
1073 2769 1148 2829 illia

131 2851 217 2911 ianua
232 2847 372 2925 prohibiti
389 2855 503 2909 tantum
522 2849 634 2910 lacinus
648 2848 757 2909 trustra
775 2854 974 2926 susceperant.

104 2940 121 2987 ι
215 2931 330 2992 Interea
346 2932 468 2994 Manlius
483 2933 512 2993 in
529 2932 644 2994 Etruria
659 2931 777 3011 plebem
793 2931 964 3003 sollicitare,
984 2943 1114 3010 egestate

125 3015 217 3076 simul
240 3031 274 3091 ac
297 3014 399 3078 dolore
419 3017 543 3078 iniuriae
565 3034 706 3078 novarum
729 3031 830 3077 rerum
853 3017 1005 3096 cupidam,
1035 3019 1113 3098 quod

132 3099 229 3164 Sullae
253 3098 450 3164 dominatione
464 3118 552 3179 agros
574 3102 710 3180 bonaque
733 3101 829 3161 omnia
851 3103 1004 3172 amiserat,
1027 3119 1113 3180 prae·

130 3193 212 3247 terea
241 3185 370 3246 latrones
397 3187 538 3266 cuiusque
562 3187 694 3264 generis,
722 3202 848 3264 quorum
874 3187 904 3247 in
931 3204 965 3247 ea
990 3188 1113 3264 regione
1122 3208 1146 3250 ss

131 3286 237 3347 magna
261 3270 345 3348 copia
364 3276 441 3340 erat,
465 3270 621 3332 nonnullos
643 3288 678 3330 ex
698 3267 825 3331 Sullanis
846 3270 981 3340 coloniis,
1005 3269 1112 3350 quibus

131 3353 232 3415 lubido
248 3360 334 3433 atque
349 3352 465 3415 luxuria
479 3373 515 3416 cx
530 3357 643 3433 magnis
659 3353 772 3432 rapinis
789 3353 861 3414 nibil
875 3353 977 3415 relicui
991 3354 1110 3416 iecerat.

80 3438 121 3502 29
217 3438 258 3500 Ea
281 3456 348 3499 cum
371 3439 504 3501 Ciceroni
527 3440 732 3501 nuntiarentur
696 3439 886 3517 urancipiti
900 3437 977 3499 malo
994 3453 1113 3519 permo-
