2378 3864
144 143 203 202 104
331 158 374 199 ou
395 156 497 200 annuo
519 155 720 200 rvovnrnruo
746 155 774 199 c.
797 148 857 202 106.
880 149 940 203 lot.

142 306 298 368 adveniens
316 311 501 385 quaestorem
524 304 650 384 adpellat
664 305 791 385 dicitque
812 322 844 365 se
865 322 881 365 a
903 313 989 383 patre
1011 303 1121 367 Bncebo

143 390 259 450 obviam
284 389 339 450 illis
367 387 453 450 simul
481 397 510 448 et
531 388 677 467 praesidio
698 390 829 451 missum.
875 387 989 450 Deinde
1011 406 1080 450 eum
1097 397 1123 450 et

114 489 320 554 aprorumum
336 473 412 534 diem
430 474 493 533 sine
506 480 587 534 metu
603 474 750 534 coniuncti
771 479 850 534 eunt.
875 470 946 533 Post
964 470 1017 533 ubi
1035 479 1123 534 castra

141 557 235 618 locata
252 563 280 618 et
299 557 356 618 diei
373 574 474 634 vesper
494 563 565 626 erat,
581 563 703 635 repente
718 556 837 618 Maurus
852 557 965 616 incerte
979 555 1061 616 voltu
1076 573 1123 635 pa·

141 659 213 702 vens
227 640 265 701 ad
284 640 392 702 Sullam
411 639 542 701 adcurrit
557 641 683 719 dicitque
698 639 754 700 sibi
776 658 813 702 ex
827 638 1063 719 speculatoribus
1079 657 1137 700 cor

143 727 271 804 gnitum,
301 723 473 802 Iugurtham
500 723 571 784 baut
592 723 697 800 procul
719 723 837 786 abesse:
866 722 953 785 sirmd
974 724 1020 784 uti
1040 731 1124 785 neem

114 809 218 870 eclam
239 825 340 869 secum
361 807 541 884 profugeret,
565 815 649 885 rogat
668 813 755 885 atque
774 807 919 868 hortatur.
964 805 1019 868 ille
1033 809 1124 869 anime

142 892 235 952 feroci
252 899 340 968 negat
356 908 387 951 se
408 892 513 951 totiens
531 891 628 951 iusum
646 890 803 952 Numidam
823 891 1051 971 pertimescere:
1072 892 1124 952 vir·

141 977 197 1035 tuti
218 992 340 1035 sucrum
366 975 435 1034 satis
458 974 595 1034 eredere:
623 974 710 1035 etiam
736 974 760 1033 si
785 980 865 1035 certa
892 975 983 1051 pestis
1005 974 1122 1045 adesset.

141 1076 313 1119 mansurum
329 1058 528 1135 potiusquam
545 1057 677 1135 preditis,
700 1050 773 1136 quos
794 1055 934 1126 ducebat,
958 1060 1040 1138 turpi
1060 1057 1144 1136 bigae

141 1144 271 1204 incertae
286 1158 321 1200 ae
336 1140 458 1200 forsitan
471 1147 539 1219 post
551 1140 638 1219 paulo
660 1139 765 1202 morbo
785 1142 957 1203 interiturae
969 1143 1048 1203 ritae
1060 1159 1123 1220 par·

113 1231 230 1294 aceret.
266 1223 402 1286 Ceterum
416 1223 453 1284 ab
473 1223 576 1286 eodem
594 1226 722 1286 monitus
739 1226 780 1286 uti
801 1232 890 1286 noctu
904 1225 1122 1303 proficisceren-

140 1316 205 1379 tur,
236 1308 388 1369 ccnsilium
410 1306 568 1386 adprobat,
598 1327 633 1369 ae
657 1309 754 1368 statim
777 1307 882 1370 milites
903 1315 1043 1370 coenatos
1065 1327 1123 1372 csse

140 1395 169 1453 in
190 1396 292 1453 eastris
314 1393 447 1471 ignisque
462 1410 549 1471 quarn
566 1392 773 1454 creberrumos
789 1393 862 1462 fieri,
885 1392 953 1453 dein
970 1395 1067 1471 prima
1087 1395 1122 1454 ri·

113 1476 207 1554 agilia
229 1476 343 1537 silentio
367 1475 466 1553 egredi
485 1475 575 1536 iubet.
612 1475 732 1554 Iamque
752 1482 897 1538 nocturne
918 1477 1025 1539 itinere
1046 1477 1146 1540 iess'uo

145 1560 280 1621 omuibus
295 1559 373 1620 Sulla
387 1560 497 1639 pariter
512 1577 578 1619 cum
595 1566 662 1619 ertu
677 1559 746 1620 solis
761 1559 1047 1632 castrametabatur,
1063 1579 1124 1623 cum

144 1646 256 1724 equites
273 1644 366 1704 Mauri
377 1644 513 1704 nuntiant
528 1642 701 1718 Iugurtham
713 1645 830 1704 circiter
847 1644 938 1705 duum
956 1643 1070 1708 milium
1084 1647 1123 1706 in·

114 1727 262 1790 cterrallo
278 1736 345 1788 ante
360 1745 410 1787 eos
430 1725 605 1787 consedisse.
649 1725 733 1796 Quod
748 1735 903 1806 postquam
922 1727 1057 1790 anditum
1075 1736 1122 1799 est

140 1820 203 1872 tum
218 1826 289 1870 vero
312 1812 417 1886 iugens
432 1816 528 1870 metus
540 1816 658 1869 nestros
673 1810 795 1871 invadit:
815 1811 937 1872 credere
951 1829 984 1872 se
995 1813 1124 1892 proditos

141 1913 158 1954 a
179 1893 288 1954 Voluce
310 1900 339 1952 et
360 1892 470 1952 insidiis
493 1894 721 1963 circumventos,
745 1913 780 1954 ac
802 1894 899 1964 luere,
924 1897 975 1974 qui
996 1896 1147 1958 dicereris

140 1995 230 2040 manu
245 1975 450 2037 iiudieandum
465 1992 561 2054 neque
577 1976 653 2053 apud
668 1975 750 2037 illum
764 1985 878 2039 tautum
892 1978 990 2041 scelus
1004 1980 1124 2042 inultum

94 2059 393 2140 toireliuquendum.
427 2060 463 2120 At
484 2058 578 2128 Sulla,
601 2068 777 2139 quamquam
800 2061 903 2123 eadem
925 2063 1123 2133 existumabat,

131 2154 240 2219 §men
262 2143 298 2206 ab
317 2144 422 2205 iniuria
440 2142 575 2204 Maurum
592 2143 744 2221 prohibet:
767 2163 837 2205 suos
856 2146 993 2208 hortatur
1007 2150 1052 2209 uti
1068 2149 1124 2210 icr-
1165 2148 1168 2155 '

141 2243 201 2294 tem
224 2230 354 2289 animum
375 2237 528 2306 gererem:
554 2246 641 2305 saepe
654 2231 852 2308 anteapaucis
870 2232 1000 2291 strenuis
1024 2230 1124 2306 adver·

141 2332 206 2376 sum
222 2310 437 2372 multitudinem
458 2309 535 2372 bene
551 2317 729 2389 pugnatum:
753 2319 862 2390 quanto
884 2313 939 2373 sibi
960 2315 991 2374 iu
1015 2315 1148 2394 proelias

141 2400 238 2462 miuus
253 2394 467 2474 pepercissent,
482 2401 563 2454 tante
582 2397 706 2457 tutiores
723 2396 801 2457 iore:
816 2414 872 2458 uec
884 2414 1065 2477 quemquam
1078 2400 1124 2462 de·

142 2500 224 2550 cere,
254 2481 304 2558 qui
325 2495 430 2539 manus
451 2481 620 2546 armaverit,
645 2478 681 2539 ab
702 2480 822 2541 inermis
842 2479 968 2560 pedibus
987 2482 1125 2545 auxilium

139 2574 255 2646 petere,
280 2564 310 2623 in
328 2580 465 2624 maxume
481 2570 562 2624 metu
575 2581 616 2623 nu
637 2581 688 2623 um
707 2570 737 2624 et
752 2581 873 2626 caccum
894 2581 1003 2642 corpus
1018 2567 1056 2628 ad
1075 2566 1125 2629 bc·

115 2653 193 2713 estis
229 2653 356 2712 vertere.
414 2647 487 2708 Dein
519 2645 677 2716 Velocem,
706 2649 844 2726 queniam
864 2647 978 2710 bestilia
1007 2650 1125 2721 iaceret,

139 2737 238 2795 lovem
259 2748 429 2792 maxumum
446 2730 605 2790 obtestatus
617 2737 650 2789 ut
661 2729 780 2791 sceleris
797 2738 884 2810 atque
899 2732 1041 2808 perfidiae
1052 2734 1150 2797 Boc-⁸

114 2818 187 2886 achi
207 2817 289 2876 testis
314 2814 443 2883 adesset,
463 2834 499 2874 ex
522 2816 623 2875 eastris
644 2813 725 2874 abire
752 2813 841 2875 iubet.
886 2814 938 2875 lile
959 2815 1126 2881 lacrumans

141 2917 227 2961 erare
241 2916 279 2960 ue
296 2917 330 2958 ea
346 2899 495 2959 crederet:
509 2898 580 2958 nihil
598 2897 663 2957 dolo
678 2896 796 2968 tactum,
813 2913 851 2959 ac
864 2901 957 2978 magis
971 2898 1126 2964 calliditate

141 2981 310 3062 Iugurthae,
330 2984 377 3042 eui
391 2981 524 3044 videlicet
535 2980 695 3060 speculanti
706 2982 762 3042 iter
772 3000 859 3045 suum
871 2985 1021 3062 cognitum
1033 2992 1125 3049 esset:

113 3076 273 3131 scelerum
296 3067 433 3144 queniam
453 3085 549 3146 neque
559 3067 707 3143 ingentem
722 3064 937 3128 multitudinem
952 3067 1081 3133 haberet
1099 3077 1126 3132 el

141 3170 208 3232 spes
236 3167 366 3230 opesque
384 3150 445 3210 eius
468 3168 504 3211 ex
525 3158 609 3229 patre
631 3167 684 3211 suo
699 3150 872 3229 penderent,
896 3150 1021 3214 credere
1042 3154 1151 3217 illums

116 3236 213 3300 anihil
234 3234 331 3317 palam
346 3251 496 3303 ausurum,
513 3235 656 3314 cumipse
674 3233 750 3295 tilius
765 3235 845 3296 testis
868 3235 996 3297 adesset:
1019 3256 1078 3318 qua
1093 3256 1125 3301 rc

140 3329 293 3401 optumum
316 3319 394 3379 iactu
411 3317 516 3387 videri,
539 3336 593 3396 per
613 3318 708 3379 media
729 3319 791 3380 eius
806 3325 901 3380 castra
916 3317 1014 3398 palam
1029 3329 1125 3384 trans·

138 3407 197 3466 ire:
226 3422 291 3466 sese
319 3401 365 3466 vel
389 3401 557 3483 praemissis
578 3401 623 3462 vel
641 3402 748 3464 ibidem
769 3399 878 3464 relictis
899 3402 1008 3466 Mauris
1029 3404 1124 3468 scium
