2384 3864
163 199 203 258 54
336 213 378 253 oa
400 212 502 254 sacac
527 210 726 254 rederamno
751 210 769 251 c
795 202 838 256 26.
861 200 893 254 il
922 201 964 254 be.

110 363 150 424 ‘te
243 360 284 420 Ea
301 367 455 440 postquam
466 359 561 420 fictae
571 359 669 419 audita
684 367 761 428 sunt,
776 357 877 426 Italici,
893 374 1023 436 quorum
1037 356 1143 417 virtute

160 445 274 504 moenie
291 442 536 511 delenssbantur,
559 443 661 502 confisi
671 441 820 503 deditione
835 441 911 503 lacta
924 447 1047 519 propter
1061 457 1143 518 mag·

159 528 321 588 nitudhtem
330 527 431 606 pepuli
441 526 567 587 Romani
581 524 732 586 inviolatus
742 543 808 586 sese
822 526 895 594 ture,
906 522 1066 585 Adherbali
1077 540 1142 584 sera·

160 612 231 672 dent
248 612 398 689 uticeque
421 617 449 671 et
463 610 603 692 oppidum
618 609 780 688 :Iugurthae
800 609 906 677 tradet,
924 614 1039 668 tenuem
1055 606 1094 668 ab
1108 625 1142 669 eo

136 697 248 756 evitem
270 695 454 772 paciscatur:
484 695 521 754 de
541 695 645 754 ceteris
664 695 778 754 senmui
796 710 890 754 curae
909 693 983 752 lbre.
1028 691 1066 751 ht
1084 690 1162 761 illes

162 779 275 839 umeei
296 780 393 839 omnia
415 779 530 857 potiora
550 777 608 839 tide
623 777 782 855 logtmthae
796 776 935 845 rebatur,
956 781 1055 836 umen
1071 777 1142 854 -quia

160 878 252 940 penes
272 862 400 931 eosdem,
423 863 448 922 si
469 862 683 931 adversaretur,
707 860 830 938 cogmdi
845 867 974 938 potestm
996 865 1075 928 erat,
1094 861 1142 927 ita,

134 947 203 1007 euti
224 952 401 1007 censuerant
421 943 527 1013 italici,
547 944 726 1006 deditionem
742 946 819 1005 lacit.
833 943 1023 1023 :Iugurthain
1040 943 1143 1020 primis

160 1027 356 1089 Adherbalem
374 1031 573 1090 excruciatum
586 1035 682 1098 necat,
698 1028 807 1090 deinde
823 1027 923 1088 >earnis
939 1025 1069 1104 puberes
1082 1025 1142 1087 llu-

160 1113 253 1173 midas
275 1119 362 1190 stque
384 1115 581 1189 negotiatores
602 1114 784 1190 promiscue,
809 1113 851 1172 uti
881 1112 1004 1190 quisque
1023 1111 1170 1170 montisc

161 1196 263 1257 obvius
283 1195 387 1264 luerat,
406 1196 553 1257 nemete

111 1273 149 1332 27
245 1277 329 1348 Quod
346 1279 632 1359 postauam-*Romae
649 1282 802 1358 cognitum
822 1284 867 1339 ost
886 1285 919 1339 et
931 1280 1024 1339 resta
1039 1285 1142 1339 serata

160 1364 262 1440 agitari
276 1370 388 1440 coepta,
399 1363 494 1424 eidem
504 1361 546 1423 illi
559 1363 683 1424 ministri
690 1364 772 1442 regis
784 1360 1045 1440 interpellandum
1052 1378 1142 1439 saepe

160 1447 422 1523 gratia‚interdum
441 1448 544 1522 iurgiis
563 1447 709 1508 trahundo
729 1456 846 1526 tenipus
873 1447 1057 1506 atrocitatem
1075 1445 1142 1506 iacti

135 1529 317 1590 2leniebant.
349 1531 391 1591 hc
402 1532 436 1590 ni
456 1531 491 1592 G.
507 1529 677 1599 llemmlus,
691 1529 828 1591 tribunus
845 1527 942 1608 plebei
959 1530 1171 1606 designatum

161 1615 204 1673 eh
220 1630 289 1675 acor
304 1620 334 1675 et
346 1614 469 1675 mlestus
483 1615 630 1692 potentiae
644 1613 809 1682 nobilitatis,
823 1612 965 1692 populum
978 1613 1143 1674 Romanum

161 1697 335 1766 edocuisset,
348 1697 381 1758 id
396 1699 452 1774 agi,
467 1704 501 1758 ut
514 1712 572 1775 per
586 1710 697 1775 paucos
714 1697 850 1758 Pretiosos
868 1695 1031 1774 htgurthae
1047 1695 1143 1758 scelus

161 1779 394 1850 condonaretur,
417 1780 551 1859 prolecto
564 1781 668 1842 omnis
681 1781 786 1842 invidia
800 1779 982 1858 prolatandis
996 1778 1141 1842 considu-

161 1862 289 1924 tionibus
309 1863 418 1943 oeopsa
439 1864 531 1925 seret:
551 1866 690 1924 trieteris
709 1866 820 1942 gratiae
834 1871 922 1943 atque
935 1865 1080 1942 pecuniae
1093 1881 1141 1924 re·

136 1951 153 2004 a
162 1947 207 2023 gis
221 1954 293 2008 erat.
325 1947 377 2009 Set
390 1947 441 2009 ulti
451 1954 569 2009 senatus
588 1947 686 2009 delicti
699 1949 875 2008 conscientia
890 1947 1032 2028 populum
1049 1947 1170 2016 timeto

160 2029 226 2107 lege
234 2031 410 2109 Sempronia
420 2032 589 2110 provinciae
604 2031 710 2093 futuris
726 2030 895 2092 consulibus
907 2031 1042 2092 Numidia
1054 2036 1141 2110 atque

135 2113 241 2175 altilia
262 2115 412 2177 decretae:
435 2113 571 2176 onmes
591 2115 730 2177 declarati
745 2115 777 2175 P.
794 2115 890 2192 Scipio
906 2114 1019 2185 Nasica,
1034 2114 1068 2176 L.
1085 2113 1140 2176 ho·

161 2195 425 2279 stia[Galpurnius]:
436 2196 594 2278 Calpurnio
608 2199 752 2269 Numidia,
770 2199 900 2276 Scipioni
911 2197 993 2260 ltalia
1006 2197 1140 2260 obvenit:

136 2281 266 2342 soeiooe
287 2280 446 2352 exercitus,
467 2283 517 2362 qui
533 2282 564 2342 in
578 2282 706 2344 Africam
722 2288 905 2361 portaretur,
926 2281 1075 2352 scribitur,
1087 2283 1140 2342 'sti-

162 2365 300 2442 pendium
314 2365 436 2446 eliaque,
459 2382 534 2444 quae
549 2365 627 2428 bello
649 2368 715 2428 esui
736 2368 842 2435 torem,
865 2366 1076 2427 memnonem.
1147 2381 1168 2422 e

113 2446 151 2509 28
246 2450 283 2508 At
297 2449 442 2527 iugurtha
462 2455 565 2510 contre
587 2462 670 2529 mem
686 2451 789 2511 nuntio
803 2456 938 2528 accepto,
961 2450 1072 2528 quippe
1093 2450 1141 2510 eoi

160 2532 271 2594 Romae
285 2535 381 2594 omnia
395 2547 521 2594 ramum
537 2535 581 2594 ire
596 2535 626 2594 in
641 2535 737 2594 mileto
751 2534 902 2602 haeserat,
922 2532 1013 2593 hlium
1027 2540 1140 2594 etcum

162 2635 200 2678 eo
211 2617 287 2678 duos
300 2616 451 2677 familiaris
462 2617 501 2677 ad
516 2623 650 2678 senatum
663 2617 776 2694 legatos
789 2617 884 2686 mittit,
900 2617 1010 2695 eisque,
1025 2618 1068 2677 uti
1079 2614 1141 2677 illis

159 2714 236 2780 quoa
251 2698 418 2777 Hiempsale
431 2696 584 2760 interiectu
595 2702 727 2769 miseret,
740 2701 891 2778 praecipit,
904 2699 1141 2762 omnismertslis

37 2813 42 2826 ι
135 2784 285 2863 epectuua
302 2783 522 2859 adgredimur.
554 2783 613 2854 Qui
626 2791 781 2862 postquem
794 2782 920 2844 Romam
935 2783 1170 2853 adventabante

160 2872 279 2928 senatus
294 2885 310 2925 e
325 2866 423 2926 Bestia
437 2865 585 2926 consultus
600 2879 653 2937 est,
669 2865 837 2944 placeretne
853 2866 965 2944 legatos
981 2865 1140 2944 Iugurthae

160 2949 252 3028 recipi
272 2947 442 3010 moenibus:
461 2950 548 3027 eique
568 2950 736 3019 decrevere,
758 2951 814 3011 nist
841 2959 966 3029 regnum
984 2951 1140 3031 ipsamque

162 3033 292 3094 deditum
312 3033 473 3100 venissent,
493 3033 535 3093 uti
548 3033 579 3092 ia
594 3030 697 3094 tlt'ebm
709 3035 861 3112 monentis
876 3035 979 3096 decem
993 3033 1074 3096 ltalia
1087 3036 1139 3097 de·

136 3116 312 3181 accdercut.
331 3114 582 3179 conmittomiots
592 3132 627 3177 er
639 3117 887 3178 senatusdecreto
902 3119 1030 3179 nuntiari
1043 3118 1139 3181 iuhel:

161 3204 201 3261 ita
217 3198 331 3261 iniectis
352 3197 443 3258 rebus
463 3199 503 3258 illi
524 3200 643 3260 domimo
658 3200 827 3262 discedunt.
1146 3216 1168 3258 u

139 3295 169 3343 a·
249 3283 368 3342 Interim
384 3280 558 3359 Calpurnius
578 3291 680 3361 parato
695 3285 826 3345 exercitu
845 3284 924 3362 leget
935 3283 992 3345 sibi
1005 3283 1140 3347 hemian

162 3364 268 3428 nobilis
284 3365 433 3435 lectiores,
455 3382 584 3444 quorum
604 3368 776 3428 auctoritate
793 3384 869 3448 quae
884 3366 1055 3447 deliqa’aaet
1073 3384 1140 3432 ne·

163 3452 222 3511 nita
244 3449 307 3509 lore
329 3447 480 3530 sperabat:
502 3449 618 3529 inquis
638 3449 692 3511 fuit
712 3451 852 3521 Scaurus,
875 3451 1013 3513 uriae-de
1033 3460 1140 3516 uetera
