2378 3864
262 200 306 240 nn
327 194 430 243 nanno
454 201 655 247 rvovarmuo
673 203 702 246 o.
719 195 778 249 112.
802 196 863 250 113·
885 196 945 249 114.
1034 189 1092 250 10⁷

107 349 227 405 renum
247 344 354 408 irustra
381 347 483 410 luisse:
506 357 637 411 ceterum
657 350 793 412 bocchus
814 353 838 412 si
859 353 1002 416 ambobus
1025 371 1121 422 con-3

106 425 218 488 auitum
242 436 270 490 et
291 437 385 490 ratam
411 450 516 510 pacem
537 432 635 503 vellet,
665 435 749 496 daret
775 452 896 513 operam
916 445 950 498 ut
974 457 1032 500 una
1054 440 1091 501 ab

107 511 246 572 omnibus
262 514 345 592 quasi
360 514 396 575 de
412 532 486 592 pace
501 518 531 577 in
547 516 734 597 conloquium
750 520 907 590 veniretur,
924 521 1023 600 ibique
1037 523 1092 584 sibi

102 592 217 655 Sullam
228 597 373 658 traderet:
394 617 461 660 cum
475 601 563 662 talem
578 601 673 661 vuum
691 603 720 662 in
737 609 911 681 potestatem
931 605 1089 676 habuisset,

75 685 168 739 stum
196 678 262 740 lore
283 681 326 741 uti
344 681 425 742 iussu
447 682 580 764 [senatus
602 683 666 765 aut]
689 685 789 765 populi
811 685 964 769 [Romani]
987 689 1091 752 foedus

100 760 202 823 fleret:
218 774 315 844 neque
329 764 479 827 homiuem
493 767 631 838 nobilem,
644 786 703 829 uon
720 786 772 830 sua
788 769 900 846 ignaria
915 779 960 834 set
974 772 1012 834 ob
1026 791 1090 834 rem

100 843 250 923 publicam
271 848 302 907 in
323 848 451 910 hostium
471 857 629 929 potestate,
652 852 789 914 relictum
811 855 856 913 iri.

185 928 264 991 llaec
276 931 395 994 Maurus
406 952 507 996 secum
516 935 580 1015 ipsa
595 935 644 997 diu
660 937 779 998 volvens
792 937 911 999 taudem
921 941 1070 1016 promisit:
1081 941 1140 1004 113

101 1019 235 1074 ceterum
253 1013 320 1075 dolo
342 1034 379 1077 an
396 1035 465 1079 vera
484 1026 646 1089 cunctatus,
669 1037 775 1098 parum
796 1023 993 1100 conperimus.
1038 1025 1090 1086 Set

61 1108 90 1150 ao
98 1094 276 1176 plerumque
294 1101 394 1176 regiae
414 1099 585 1172 voluntates,
605 1110 639 1164 ut
658 1103 860 1175 vehementes,
890 1107 932 1166 sic
953 1107 1085 1179 mobiles,

99 1196 189 1258 saepe
208 1181 290 1259 ipsae
311 1183 367 1243 sibi
387 1185 536 1246 advorsae.
574 1185 679 1247 Postea
695 1193 829 1264 tempore
850 1194 879 1248 et
898 1188 964 1250 loco
981 1194 1115 1258 consti-2

97 1269 178 1333 tuto,
203 1265 233 1325 iu
255 1265 442 1345 conloquium
463 1270 506 1330 uti
527 1270 564 1332 de
585 1287 660 1347 pace
683 1271 841 1340 veniretur,
865 1270 1000 1333 Bocchus
1023 1275 1089 1336 Sul·

98 1344 158 1406 lam
174 1348 272 1418 modo,
290 1349 379 1410 modo
396 1350 555 1429 iugurthae
573 1353 703 1431 legatum
717 1351 873 1430 adpellare,
892 1352 1019 1433 benigne
1036 1358 1088 1418 ba·

98 1429 181 1500 bere,
203 1431 282 1492 idem
302 1432 446 1496 ambobus
463 1436 604 1514 polliceri.
628 1436 672 1498 llli
691 1439 801 1515 pariter
819 1436 888 1499 laeti
908 1455 943 1498 ac
958 1441 1021 1517 spei
1035 1440 1088 1501 bo·

63 1526 89 1567 11
98 1529 155 1574 nae
168 1513 248 1592 pleni
262 1533 336 1579 esse.
374 1517 425 1580 Set
438 1527 525 1582 nocte
543 1539 592 1590 ea,
609 1539 684 1599 quae
694 1538 841 1598 proxuma
857 1520 912 1582 luit
927 1528 996 1582 ante
1011 1523 1089 1585 diem
1107 1541 1123 1593 a

99 1595 255 1677 conloquio
272 1600 439 1673 decretum,
456 1603 575 1665 Maurus
590 1603 726 1666 adhibitis
739 1605 845 1665 amicis
869 1621 905 1666 ac
922 1606 1021 1667 statim
1043 1607 1088 1668 in·

92 1690 206 1746 mutata
226 1682 377 1746 voluntate
393 1686 521 1746 remotis
542 1685 650 1746 dicitur
671 1702 772 1746 secum
793 1685 860 1763 ipse
880 1681 1007 1745 multum
1022 1685 1085 1759 agl·

92 1769 216 1838 lavisse,
239 1767 318 1830 voltu
342 1776 372 1831 et
392 1767 486 1830 oculis
507 1769 621 1846 pariter
638 1776 731 1849 atqua
748 1769 851 1829 ammo
873 1768 970 1828 varios
992 1764 1085 1848 [1111

97 1850 210 1912 scilicet
228 1857 343 1913 tacente
364 1852 427 1931 ipso
449 1852 563 1915 occulta
581 1854 709 1931 peotmb
726 1848 927 1930 patefecisse}
974 1851 1113 1919 Tamena

60 1940 248 2012 aapostremo
262 1934 373 1997 Sullam
389 1936 502 1999 accersi
519 1936 600 1999 iubet
621 1943 650 1998 et
671 1954 707 1998 er
728 1933 806 1996 illius
828 1934 1089 1997 1111111111υωί-

96 2017 152 2079 dae
173 2018 292 2080 iusidias
308 2019 409 2081 tendit.
452 2020 577 2090 Deinde,
600 2020 652 2082 ubi
671 2020 735 2082 dies
750 2018 866 2080 advenit
885 2024 914 2078 ot
929 2018 957 2079 ei
971 2018 1113 2086 nuntia-s

95 2109 160 2165 tum
171 2101 479 2180 eatlugurtbambaut
491 2104 596 2183 procul
611 2103 731 2173 abessa
747 2119 815 2164 cum
825 2102 927 2180 paucis
942 2102 1043 2161 amicis
1058 2107 1089 2162 et

97 2191 255 2266 quaestore
272 2193 376 2248 111111
398 2189 482 2267 quasi
502 2186 607 2249 obvim
628 2186 749 2247 bonoria
777 2201 866 2246 causa
896 2184 1030 2261 procedit
1052 2185 1085 2246 in

95 2269 244 2333 tumulum
261 2269 447 2333 :facillumum
474 2272 537 2334 visu
563 2269 775 2333 insidiantibus.
823 2267 936 2330 Eodem
962 2267 1114 2339 Numidae

59 2369 87 2410 aa
96 2354 325 2434 cumplerisque
340 2357 514 2417 necessariis
527 2357 588 2417 auis
602 2355 731 2425 inermis,
751 2354 793 2415 uu'
816 2352 926 2414 dietum
944 2358 1017 2422 erat,
1032 2354 1088 2415 ad·

98 2437 176 2499 cedit
196 2457 232 2500 ac
249 2440 346 2500 statim
367 2441 450 2517 signo
474 2439 541 2500 dato
563 2439 693 2518 undique
712 2435 798 2499 simul
819 2453 856 2497 ex
876 2435 987 2497 insidiis
1007 2437 1089 2498 iuva·

97 2522 186 2583 dibu.
227 2521 326 2584 (lateri
347 2522 528 2584 obtruncati:
549 2522 691 2600 Iugurtha
706 2520 803 2582 Sullae
824 2521 937 2581 vinens
958 2518 1111 2584 uadum

97 2614 127 2666 et
148 2604 185 2666 ab
209 2623 245 2666 eo
267 2607 303 2668 ad
320 2606 446 2669 Marium
465 2607 610 2669 deductus
633 2616 685 2666 est.

181 2689 239 2752 Per
252 2690 335 2752 ,idem
344 2697 465 2769 tempus
480 2692 637 2752 advorsum
652 2689 750 2751 Gallos
765 2687 803 2749 ab
820 2685 944 2749 ducibus
963 2687 1071 2747 nostris
1082 2688 1139 2748 111

60 2786 88 2830 ro
97 2771 133 2844 Q.
148 2771 295 2853 Caepione
305 2780 340 2836 et
352 2775 411 2837 Gn.
426 2774 534 2837 blanlio
547 2774 626 2836 male
642 2779 823 2852 pauonum:
838 2786 898 2850 quo
913 2775 994 2831 metu
1007 2768 1089 2832 ltalia

97 2857 194 2920 omnis
212 2861 399 2920 contremuit
437 2858 571 2938 illimque
590 2875 684 2938 usque
704 2856 741 2918 ad
760 2861 893 2917 besuam
915 2855 1114 2915 momoriama

97 2941 223 3003 Romani
254 2943 294 3003 sic
312 2942 457 3014 habuere,
486 2943 541 3003 alia
561 2944 658 3003 omnia
685 2941 782 3002 virtuti
804 2956 874 3000 suae
895 2955 989 3017 prona
1012 2954 1087 3007 esse,

98 3043 167 3087 cum
189 3025 279 3088 Gallis
300 3044 355 3106 pro
376 3025 479 3096 salute,
501 3043 563 3087 non
577 3043 633 3105 pro
662 3023 755 3101 gloria
777 3022 894 3084 certari.
935 3020 989 3082 bet
1004 3026 1114 3097 post-a

98 3125 187 3188 quam
215 3108 326 3171 bollum
344 3112 375 3172 in
396 3109 533 3172 Numidia
548 3109 716 3171 coniectum
734 3112 764 3169 et
776 3104 949 3186 lugurtbam
959 3102 1088 3170 Romam

63 3207 88 3248 11
97 3194 227 3255 motum
243 3193 350 3256 adduci
364 3195 530 3256 nuntiatum
545 3201 598 3263 ast,
622 3193 731 3253 Marius
742 3189 849 3253 >consul
864 3188 970 3249 absens
992 3184 1088 3247 iactus

99 3283 143 3338 est
163 3284 192 3338 11
209 3278 238 3339 ei
258 3278 376 3340 decreta
391 3279 540 3358 provincia
556 3276 665 3339 Gabia:
686 3277 770 3355 isque
790 3271 928 3335 Kalendis
945 3268 1087 3331 ianuariis

98 3377 205 3440 magna
224 3359 317 3438 gloria
332 3361 436 3424 eonnrl
450 3359 649 3439 triumphavit.
680 3359 717 3420 Et
733 3360 947 3435 eatempestate
959 3368 1028 3430 spaa
1038 3359 1110 3416 att-4

99 3463 158 3524 que
179 3462 251 3524 opos
272 3449 394 3510 ciuitatis
414 3449 445 3509 in
466 3445 516 3508 illo
536 3446 616 3506 aitae.
