2378 3864
275 209 319 249 nu
340 207 515 250 curramus
539 205 782 249 commemora
803 205 832 247 ε.
853 197 898 250 52.
1035 185 1075 249 29

95 355 145 418 alii
160 356 238 417 varie
257 353 503 416 adsentiebantur.
536 357 572 416 tt
592 357 629 416 Μ.
644 354 767 416 Porcius
779 352 857 421 Cato,
875 361 995 430 rogatus
1009 373 1075 417 sen·

96 441 232 507 tentiam,
254 439 376 499 buiusce
393 438 472 499 modi
486 441 646 500 orationem
661 438 776 500 habuit:

183 522 292 598 ‘Longe
309 523 383 583 mibi
392 521 448 584 alia
465 539 549 582 meus
564 531 623 592 est,
637 528 736 600 patres
750 521 921 600 conscripti,
944 539 1012 582 cum
1026 541 1100 592 rese

96 614 186 684 atque
199 605 329 684 pericula
343 613 444 665 nostra
463 606 625 674 considero,
650 612 680 666 ct
696 623 764 666 cum
777 606 935 665 sententias
949 608 1074 669 nonnul·

72 689 196 750 olorum
217 691 279 767 ipse
300 707 417 750 mecum
438 696 554 767 reputo.
594 689 639 750 Illi
658 689 728 750 mihi
749 688 920 749 disseruisse
940 689 1100 761 videntur3

99 774 137 834 dc
152 790 248 851 poena
269 790 388 842 eorum,
412 775 462 851 qui
481 775 593 851 patriae
612 771 796 851 parentibus,
819 773 878 831 aris
899 780 986 851 atque
1003 773 1076 836 focis

95 857 158 917 suis
173 855 284 916 bellum
300 874 456 933 paravere:
474 875 524 920 res
540 863 637 918 autem
656 862 756 939 monet
770 872 873 916 cavere
889 856 926 916 ab
943 855 999 917 illis
1012 876 1074 920 ma·

94 941 142 1016 gis
164 957 253 1018 quam
273 941 342 1018 quid
365 941 394 1000 iu
415 939 481 1000 illos
501 946 664 1002 statuamus
684 937 858 1001 consultare.
883 939 956 1000 Nam
978 947 1100 1009 ceterae

103 1021 239 1084 malificia
256 1030 317 1084 tum
335 1040 528 1102 persequare,
551 1022 603 1085 ubi
619 1025 693 1085 iacta
711 1029 798 1083 suut:
818 1021 884 1093 boc,
907 1025 963 1085 nisi
978 1029 1075 1103 provi·

59 1127 87 1170 ,ο
96 1108 177 1168 deris
192 1123 230 1167 ne
256 1108 382 1176 accidat,
399 1107 450 1167 ubi
468 1109 578 1176 evenit,
593 1107 702 1169 frustra
715 1106 821 1168 iudicia
831 1105 975 1185 inplores:
992 1119 1075 1189 capta

96 1189 173 1251 urbe
194 1190 266 1251 nihil
286 1191 319 1251 nt
339 1189 442 1251 relicui
463 1192 553 1252 victis.
592 1191 652 1261 Set,
672 1209 727 1268 per
746 1190 816 1251 deos
830 1190 1003 1262 inmortalis,
1023 1207 1100 1258 voss

96 1290 154 1350 ego
169 1273 294 1354 adpello,
313 1276 363 1354 qni
377 1291 495 1353 semper
510 1275 612 1335 domos
627 1273 721 1343 villas,
738 1275 819 1351 signa
834 1272 949 1335 tabulas
963 1283 1076 1338 vostras

96 1357 192 1435 pluris
214 1375 302 1437 quam
322 1376 387 1419 rem
408 1357 556 1436 publicam
578 1357 701 1418 fecistis:
729 1359 753 1418 si
775 1358 843 1425 ista,
867 1358 1075 1440 cuiuscumque

95 1441 177 1502 modi
191 1448 259 1502 sunt
273 1459 348 1520 quae
362 1441 581 1519 amplexamini,
600 1442 743 1510 retinere,
766 1441 791 1500 si
810 1438 1005 1518 voluptatibus
1024 1462 1075 1504 ro·

60 1525 166 1585 rastris
185 1526 277 1585 otium
294 1523 436 1605 praebere
454 1524 546 1593 voltis,
565 1524 798 1603 expergiscimini
807 1522 962 1603 aliquando
984 1533 1013 1586 et
1027 1544 1075 1588 ca·

95 1609 205 1686 pessite
227 1627 292 1669 rem
311 1608 469 1689 publicam.
509 1608 574 1669 Non
596 1610 691 1685 agitur
713 1608 749 1669 de
771 1605 960 1684 vectigalibus
978 1622 1101 1690 nequeo

95 1691 134 1753 de
151 1693 299 1755 sociorum
313 1693 442 1754 iniuriis:
464 1691 585 1754 libertas
601 1699 630 1753 et
644 1693 739 1753 anima
753 1696 853 1752 nostra
872 1691 1005 1754 indubio
1021 1701 1073 1754 est.

179 1775 413 1854 Saepenumero,
437 1783 535 1855 patres
556 1776 727 1855 conscripti,
750 1773 840 1837 multa
859 1774 948 1836 verba
969 1777 999 1837 iu
1014 1777 1098 1842 hoca

95 1859 200 1920 ordine
215 1859 287 1928 ieci,
311 1877 399 1938 saepe
413 1860 449 1920 de
468 1859 584 1921 luxuria
603 1867 690 1939 atque
710 1859 828 1921 avaritia
848 1867 1017 1922 nostrorum
1035 1863 1075 1922 ci·

59 1943 175 2003 eonium
197 1951 317 2022 questus
331 1961 413 2012 sum,
435 1942 599 2024 multosque
619 1941 749 2005 mortalis
770 1959 804 2005 ca
826 1961 913 2004 causa
936 1944 1075 2006 advorsos

94 2025 207 2089 babeo:
229 2029 280 2106 quui
300 2027 372 2088 mihi
390 2035 477 2106 atque
498 2029 595 2088 animo
609 2046 676 2088 meo
693 2026 801 2089 nullius
820 2042 959 2104 umquam
979 2027 1100 2091 delictis

95 2111 219 2188 gratiam
239 2109 389 2182 iecissem,
415 2111 487 2172 baut
517 2111 601 2172 facile
622 2111 741 2172 alterius
760 2109 884 2171 lubidini
904 2109 979 2172 mdc
999 2110 1074 2172 iacta

95 2192 308 2255 condonabam.
349 2194 399 2255 Set
416 2213 450 2256 ea
468 2197 583 2256 tametsi
601 2213 652 2255 vos
669 2197 751 2273 parvi
772 2191 953 2273 pendebatis,
975 2201 1099 2259 umens

94 2295 145 2338 rcs
164 2276 285 2358 publica
305 2279 389 2339 firma
413 2288 490 2340 erat:
516 2278 663 2358 oprdentia
685 2277 900 2356 neglegentiam
920 2277 1073 2340 tolerabat.

61 2360 182 2422 aNunc
201 2379 272 2423 vero
290 2380 351 2424 non
369 2363 398 2423 id
419 2363 523 2440 agitur,
544 2361 667 2423 bonisne
689 2380 726 2422 an
746 2361 829 2423 malis
845 2361 977 2422 moribus
994 2364 1116 2426 riva-10

96 2463 173 2514 murs,
188 2462 286 2525 neque
301 2453 441 2526 qnantum
456 2453 507 2507 aut
520 2462 608 2523 quam
618 2446 805 2522 magnificum
811 2447 969 2522 imperium
975 2446 1076 2524 populi

94 2528 221 2590 Romani
237 2531 289 2600 sit,
311 2537 357 2591 set
376 2529 450 2592 haec
472 2530 683 2609 cuiuscumque
703 2528 783 2589 modi
803 2528 952 2597 videntur,
974 2536 1075 2590 nostra

94 2630 133 2673 an
152 2612 308 2674 nobiscum
321 2631 380 2675 una
394 2614 523 2675 bostium
537 2613 636 2673 futura
655 2614 721 2673 sint.
763 2611 818 2672 Hic
836 2609 906 2671 mibi
920 2612 1072 2690 quisquam
1083 2621 1114 2672 11

93 2697 349 2759 mansuetudinem
375 2706 403 2759 et
433 2696 664 2759 misericordiam
690 2696 829 2757 nominat.
876 2693 939 2755 lam
959 2695 1074 2775 pridem

57 2781 231 2860 ueqandem
251 2797 306 2841 nos
328 2799 396 2842 vera
422 2780 562 2843 vocabula
588 2797 688 2842 rerum
713 2780 881 2841 amisimus:
907 2781 975 2859 quia
997 2778 1075 2841 bona

93 2863 189 2925 ebena
204 2863 305 2942 largiri
326 2864 492 2934 liberalitas,
508 2863 652 2926 malarum
672 2881 773 2925 rerum
793 2863 913 2926 audacia
934 2863 1073 2925 fortitudo

95 2954 230 3018 vocatur,
260 2966 296 3008 eo
318 2948 505 3027 respublica
526 2949 556 3009 in
577 2954 709 3010 extremo
730 2949 783 3007 sita
806 2954 858 3008 est.
910 2947 974 3008 Sint
992 2966 1117 3019 seuere

94 3032 233 3109 quoniam
244 3031 283 3091 ita
294 3049 326 3092 sc
339 3050 437 3093 mores
448 3032 567 3101 habent,
579 3030 714 3093 liberales
726 3050 761 3092 cx
775 3032 923 3093 sociorum
938 3031 1072 3101 fortunis,

95 3115 154 3174 siut
176 3115 381 3176 misericordes
403 3117 433 3176 in
453 3115 567 3178 iuribus
589 3117 700 3176 aerari:
722 3133 760 3176 nc
777 3113 818 3176 illi
834 3115 1005 3194 sangninem
1021 3131 1074 3174 no·

58 3205 189 3259 usuum
199 3197 361 3274 largiantur
372 3201 483 3272 etdum
491 3200 592 3278 paucis
603 3199 751 3260 sceleratis
763 3207 896 3278 pareunt,
908 3196 1003 3258 bonos
1012 3215 1073 3258 om·

93 3283 140 3343 nis
161 3282 310 3360 perditum
331 3292 406 3343 eant.
1085 3299 1095 3309 ’

178 3366 259 3427 Rene
278 3373 307 3425 et
321 3351 474 3444 conposite
485 3368 519 3429 G.
536 3367 642 3428 Caesar
664 3359 752 3446 paulo
774 3372 841 3426 ante
856 3367 886 3426 in
900 3363 956 3424 hoc
970 3365 1072 3426 ordine
1083 3373 1115 3425 13

93 3448 202 3510 devita
225 3456 253 3510 et
268 3456 362 3510 morte
378 3449 521 3521 disseruit,
542 3450 630 3511 credo
648 3451 719 3512 salsa
738 3451 915 3512 existumans
933 3466 976 3519 ea,
997 3467 1072 3527 quas
