2378 3864
176 190 218 229 nn
240 189 341 232 aneso
363 189 562 261 movnrmno
586 191 614 232 e.
634 182 678 237 98.
700 182 742 239 99.
766 185 826 238 100.
952 174 993 237 99

31 336 278 416 speramusque
292 353 396 415 magna
410 346 494 418 parte
510 338 603 403 editus
618 347 647 402 et
661 357 803 418 praeceps
818 359 912 418 pauca
927 359 991 405 mu·

31 423 141 485 imcnta
169 420 337 502 quaerebat.
392 423 529 487 Ceterum
557 424 633 502 apud
662 441 767 502 aqimm
792 424 901 492 Sullam
924 435 1017 486 cuma

31 504 159 587 anilibus.
173 511 290 567 noctem
305 506 415 584 agitare
428 506 523 569 iubet:
541 509 604 586 ipse
617 507 757 585 paulatim
775 507 922 586 dispersos
936 509 990 574 mi·

31 596 73 653 tes
93 606 190 669 neque
211 590 308 653 minus
322 589 455 657 hostibus
469 590 653 655 conturbatis
669 593 701 660 iu
722 609 814 657 unum
836 591 990 662 contrahit,

31 675 78 739 ein
93 679 213 739 cunctos
229 672 316 751 pleno
332 674 425 752 gradu
436 675 466 735 in
482 673 586 740 collem
600 675 746 741 subducit.
766 675 812 744 lta
824 691 919 752 reges,
936 674 1019 740 locis

31 755 182 821 trucutanae
199 758 306 825 coacti,
328 755 440 835 proelio
461 758 663 830 deterrentur,
687 777 783 838 neque
805 766 903 825 tamen
923 776 993 820 suos

31 840 125 921 ›ngius
141 839 223 903 abiro
237 840 350 911 sinunt,
373 847 418 903 set
430 848 556 922 utroque
571 842 644 908 colle
664 841 849 907 rnuldtudiuc
867 844 993 908 cucum-

31 933 76 988 atc
102 923 186 989 edua
207 924 376 990 consedere.
393 924 467 991 Dein
489 927 602 993 crebris
622 926 739 1005 ignibus
757 926 843 989 laetis
862 926 1020 1004 plerum-o

31 1028 67 1074 ue
97 1008 190 1071 noctis
216 1006 337 1073 barbari
361 1027 445 1075 more
475 1028 528 1072 suo
556 1011 657 1073 lactavi
686 1009 832 1081 exultare,
860 1017 994 1088 strepere

31 1091 140 1161 acibus,
164 1097 192 1153 et
205 1092 261 1170 ipsi
281 1091 371 1155 duces
387 1093 517 1163 feroces,
536 1095 603 1172 quia
617 1112 678 1157 non
692 1095 843 1173 ingerant,
864 1112 920 1173 pro
937 1096 993 1159 vic·

31 1175 124 1238 vribus
146 1193 243 1253 agere.
280 1175 332 1236 Set
350 1192 384 1236 ea
400 1184 505 1237 cuncta
525 1176 663 1238 Romanis
681 1195 717 1237 ex
737 1176 867 1238 tenebris
890 1186 918 1242 et
933 1179 1019 1242 edi-7

31 1259 134 1324 oribus
146 1258 217 1321 locis
233 1258 327 1319 facilia
344 1260 407 1323 visu
421 1277 586 1339 magnoque
604 1260 790 1327 hortamento
808 1268 901 1325 eraut.
924 1261 992 1322 Plu·
1003 1261 1044 1322 99

31 1361 129 1406 rmum
151 1361 219 1404 vero
241 1341 350 1403 Marius
371 1345 506 1421 inperitia
527 1343 653 1409 hostium
676 1343 881 1414 confirmatus,
906 1362 994 1424 mam

31 1444 180 1491 rmumum
195 1425 341 1493 silentirrm
353 1426 458 1491 haberi
471 1426 566 1497 iubet,
582 1445 619 1490 ne
633 1429 716 1505 sigua
732 1427 865 1506 quidem,
882 1430 925 1492 uti
940 1446 994 1506 per

31 1509 122 1589 igilias
143 1508 284 1578 solebant,
301 1526 423 1576 cancre:
445 1511 564 1582 deindo,
590 1509 641 1575 ubi
658 1511 709 1575 lux
730 1511 919 1582 adventabat,
943 1512 994 1575 de·

31 1594 168 1660 assisiam
185 1592 363 1655 hostibusne
376 1593 463 1673 paulo
479 1603 547 1658 ante
564 1613 668 1657 somrm
684 1596 775 1675 captis
791 1596 828 1657 de
846 1596 993 1673 inproviso

31 1678 124 1757 giles,
138 1679 206 1738 item
222 1677 387 1744 cohortium
402 1685 567 1745 turmarum
584 1678 735 1756 legionum
749 1678 893 1741 tubicines
907 1679 993 1741 dmul

31 1778 115 1825 mnes
128 1762 210 1839 sigua
233 1777 353 1831 cancro,
376 1761 481 1825 milites
499 1761 657 1827 clamorem
679 1762 781 1825 tollere
797 1769 885 1842 atque
899 1765 993 1841 portis

31 1862 169 1923 rumpere
184 1842 302 1926 [iubet].
338 1844 433 1908 Mauri
447 1853 535 1926 atque
549 1847 676 1916 Gaetuli,
698 1848 798 1924 ignoto
815 1855 845 1909 et
859 1846 1019 1910 horribilia

31 1931 107 1991 >nitu
128 1935 251 2006 repente
275 1929 376 1999 exciti,
408 1947 504 2010 neque
523 1930 627 2008 lugere
649 1949 746 2009 neque
774 1932 858 1993 armai
876 1949 991 2009 capere,

31 2031 106 2095 eque
121 2012 240 2072 omnino
254 2012 352 2080 tacere
367 2020 417 2075 aut
435 2015 590 2092 providere
606 2016 763 2094 quicquam
781 2019 932 2091 poterant:
953 2017 1018 2076 itae

31 2102 132 2160 unctos
148 2096 271 2173 strepitu
286 2095 428 2166 chancre,
450 2097 531 2160 nullo
552 2098 741 2161 subveniente
759 2099 868 2158 nostris
883 2098 993 2163 instan-

31 2181 100 2250 bus,
121 2177 248 2247 tumultu
265 2178 420 2248 tormidine
428 2184 512 2259 quasi
527 2181 681 2247 vaecordia
694 2185 820 2259 ceperat.
861 2180 993 2258 quue

31 2281 114 2329 mues
127 2263 185 2327 iusi
196 2262 360 2343 fugatique:
373 2282 454 2325 arma
465 2271 495 2326 et
504 2267 586 2342 signa
597 2264 732 2327 militaria
742 2263 885 2343 ploraque
898 2272 991 2343 capta,

31 2348 170 2427 luresque
179 2366 214 2408 eo
229 2347 341 2425 proelio
353 2366 441 2428 quam
453 2348 589 2414 omnibus
600 2347 802 2427 superioribus
813 2349 989 2426 interempti.

31 2434 83 2497 am
100 2448 204 2497 somno
222 2438 250 2492 ct
266 2437 346 2494 metu
368 2430 482 2495 insolito
504 2432 632 2511 inpedita
649 2432 727 2508 iuga.

94 2514 166 2577 Dein
178 2514 285 2581 illarius
299 2518 342 2579 uti
356 2522 501 2594 coeperat,
515 2517 546 2578 in
556 2515 680 2577 hiberna
691 2512 708 2549 *
715 2512 755 2549 *³*
763 2512 850 2550 ****
858 2512 874 2547 *
886 2532 974 2594 prop·
986 2513 1043 2574 100

31 2619 53 2663 u
83 2606 269 2661 conmeatum
296 2600 327 2660 in
354 2599 467 2679 oppidis
494 2600 657 2667 maritumis
690 2616 778 2678 agere
811 2598 991 2660 decreverat.

31 2687 112 2764 'equo
128 2688 225 2744 tamen
240 2684 360 2745 victoria
378 2700 478 2745 socors
493 2691 543 2746 aut
556 2682 684 2744 insolens
698 2684 806 2752 iaetus,
824 2689 868 2743 set
882 2684 993 2760 pariter

31 2786 98 2848 ’.que
111 2769 142 2828 in
154 2773 312 2846 conspectu
326 2767 452 2829 hostium
463 2769 604 2848 quadrato
616 2768 732 2845 agmine
746 2766 897 2828 incedere:
913 2765 1019 2828 Sullae

31 2871 78 2916 rm
94 2852 224 2930 equitatu
246 2851 323 2932 apud
339 2851 500 2923 dcxtumos,
522 2854 551 2912 in
573 2853 688 2918 sinistra
709 2857 792 2929 parte
814 2851 847 2911 b.
869 2849 992 2913 Manlius

30 2955 77 3000 rm
97 2934 293 2997 funditoribus
308 2941 337 2995 et
352 2936 516 3013 sagittariis,
530 2943 683 3015 praeterea
700 2934 830 2998 cohortis
850 2935 992 3012 Ligurum

31 3019 149 3084 urebat:
172 3020 283 3098 primos
305 3024 334 3079 et
351 3026 497 3084 extremos
520 3038 588 3085 cum
600 3018 741 3097 expeditis
763 3018 918 3098 manipulis
940 3020 991 3078 tri·

31 3121 106 3168 unos
118 3102 279 3164 locaverat:
293 3101 448 3181 perfugae,
464 3104 595 3171 minume
609 3103 671 3163 cari
685 3107 714 3163 ct
727 3104 882 3181 regionum
897 3104 1016 3163 scien-³

31 3189 138 3259 ssumi,
153 3186 283 3249 hostium
297 3187 353 3249 iter
369 3185 568 3265 explorabant.
597 3184 690 3248 Simul
700 3184 802 3248 consul
815 3187 897 3264 quasi
910 3183 991 3245 nullo

31 3273 136 3353 posito
159 3272 254 3333 omnia
277 3270 447 3350 providere,
469 3270 547 3349 apud
569 3271 663 3330 omnm
683 3269 799 3338 adesse,
819 3267 941 3330 laudare
963 3275 991 3328 et

31 3373 166 3436 rcreparo
187 3356 336 3421 merentis.
369 3355 436 3434 lpse
456 3361 585 3436 armatus
598 3355 785 3433 intentusque
802 3354 872 3413 item
887 3350 1018 3415 muitese

31 3439 151 3522 egebat:
173 3457 368 3520 acquescens
383 3439 539 3520 atqueiter
558 3437 669 3509 iacere,
692 3444 786 3500 castra
800 3437 924 3507 munire,
940 3453 990 3496 ex·

795 3539 837 3595 7*
