2378 3864
166 145 206 208 82
347 163 390 205 nn
413 161 517 204 annno
537 161 739 207 nvavnnmno
763 161 791 206 c.
810 153 852 210 73.
871 153 914 210 fd.
936 155 978 212 Io.

137 314 239 376 olfari
259 314 395 375 virtutem
414 311 444 370 in
465 309 559 371 maius
577 311 738 374 celebrare.
779 312 910 392 Demque
924 313 1029 392 plebes
1050 318 1140 380 sr‘cad·

167 416 268 468 censa,
291 399 334 459 uti
353 395 470 474 opifices
494 401 683 475 agrestesque
705 413 821 466 omnes,
845 415 973 477 quorum
995 417 1045 461 res
1066 401 1141 464 fides·

167 502 224 563 que
243 484 274 543 in
291 480 427 542 manibus
448 479 520 539 sitae
537 487 630 549 erant,
646 478 756 541 relictis
771 480 910 558 operibus
929 482 1142 562 frequentarent

165 567 289 627 Marium
304 571 332 626 et
347 581 399 625 sua
417 564 582 623 necessaria
597 570 664 642 post
678 562 755 624 illlus
768 564 913 624 honorem
927 568 1082 630 ducerent
1107 569 1142 635 Ita

165 649 301 730 perculsa
314 646 464 709 nobilitate
473 651 541 724 post
551 647 657 707 multas
668 654 854 726 tempestates
864 664 940 709 novo
952 650 1067 714 homini
1082 672 1157 714 con-a

141 735 278 797 usulatus
297 731 467 793 mandatur:
491 737 520 791 et
541 738 642 808 postea
666 730 793 809 populus
815 750 831 792 a
853 732 974 794 tribuno
996 734 1141 812 plebeil.

166 817 271 880 Manlio
283 816 417 878 Mancino
431 819 561 892 rogatus,
576 832 663 893 quem
683 814 768 876 vellet
787 833 855 878 oum
876 815 1019 894 Iugurtha
1041 819 1143 882 hedum

165 920 280 980 gerere,
303 901 442 978 frequens
459 896 583 959 llarIum
605 899 696 959 lussit.
731 899 782 961 Set
803 898 890 978 paulo
912 898 1080 938 *******
1101 905 1143 965 de·

166 990 312 1047 creverat:
333 1000 430 1045 cares
449 981 559 1042 frustra
577 982 639 1043 fuit.

114 1072 155 1132 74
251 1069 362 1130 Eodem
375 1074 508 1144 tempore
523 1065 664 1143 Iugurtha
677 1067 790 1128 amissis
804 1069 918 1138 andeis,
939 1087 1070 1148 quornm
1090 1072 1165 1151 ple-o

165 1171 273 1234 rosque
289 1154 351 1230 ipse
365 1156 534 1220 necaverat,
554 1151 645 1212 ceteri
660 1149 817 1214 formidine
836 1163 838 1169 ’
844 1171 915 1233 pars
938 1154 975 1216 ad
997 1154 1142 1219 Romanos

165 1237 213 1299 alii
235 1237 272 1298 ad
294 1251 395 1314 regem
414 1234 566 1296 Bocchum
587 1233 795 1314 profugerant,
823 1254 890 1296 cum
912 1254 1011 1316 neque
1038 1238 1141 1301 bellum

165 1323 228 1400 geri
247 1322 310 1382 sine
324 1320 500 1381 administris
517 1326 617 1397 posset
633 1325 662 1381 et
677 1336 821 1381 novorum
836 1320 924 1382 fidem
939 1321 970 1380 in
987 1328 1071 1384 tanta
1081 1342 1141 1403 per·

165 1406 232 1467 fidia
243 1412 375 1466 veterum
387 1405 514 1483 experiri
530 1401 729 1481 periculosum
744 1403 873 1474 duceret,
889 1404 988 1465 rarius
1002 1407 1141 1470 incertus·

166 1507 223 1569 que
238 1488 373 1567 agitabat.
411 1487 513 1566 Neque
526 1486 567 1548 illi
581 1504 631 1549 res
645 1505 741 1566 neque
757 1487 909 1549 consilium
927 1496 980 1548 out
994 1492 1165 1572 quIsquanu

163 1572 317 1635 hominum
335 1573 403 1633 satis
419 1570 567 1651 placebat:
586 1571 689 1633 Itinera
707 1571 929 1651 praefectosque
951 1573 981 1632 in
1003 1574 1067 1636 dles
1085 1594 1142 1638 mu·

164 1664 244 1728 tare,
267 1657 355 1718 modo
375 1655 531 1716 advorsum
546 1655 653 1723 hostis,
676 1656 824 1717 interdum
837 1657 868 1716 in
887 1654 1061 1720 solitudines
1082 1677 1141 1739 per·

164 1757 250 1817 gere,
278 1756 366 1816 saepe
392 1741 422 1798 in
442 1739 511 1815 fuga
527 1755 562 1798 ac
575 1745 642 1815 post
656 1738 743 1816 paulo
762 1741 792 1800 in
809 1757 899 1801 arm1s
920 1757 1004 1818 spem
1026 1741 1140 1813 hahere,

165 1824 299 1885 dubitare
308 1823 407 1883 virtuti
422 1839 459 1882 an
473 1821 530 1882 fide
547 1821 732 1899 popularIum
746 1824 842 1885 minus
858 1824 1006 1887 crederet:
1020 1828 1062 1888 ita
1076 1845 1140 1908 quo·

138 1921 290 1986 ecumque
306 1905 471 1967 intenderat
485 1923 534 1966 res
550 1905 691 1967 advorsae
705 1913 798 1968 erant.
826 1907 878 1968 Set
893 1909 971 1970 inter
985 1928 1036 1971 eas
1051 1929 1164 1973 morasa

163 1998 286 2070 repente
305 2007 370 2052 sese
387 1987 520 2050 Metellus
542 2006 609 2049 cum
631 1990 761 2051 exercitu
784 1991 926 2053 ostendit:
950 1993 1097 2058 Numidae
1110 1995 1141 2058 ah

163 2076 305 2154 Iugurtha
326 2093 381 2154 pro
400 2080 533 2153 tempore
554 2074 649 2151 parati
675 2075 883 2154 instructique,
911 2077 977 2138 dein
1002 2079 1142 2157 proellum

83 2233 89 2239 ¹
137 2162 310 2238 sincipitur.
343 2157 405 2228 Qua
420 2159 450 2219 in
472 2164 556 2237 parte
577 2175 629 2220 rex
645 2175 763 2237 pugnae
785 2159 885 2229 adluit,
908 2160 949 2222 lhi
969 2160 1142 2242 aliquamdiu

164 2251 323 2312 certatum,
349 2243 438 2304 ceteri
460 2243 522 2304 eius
540 2259 643 2304 omnes
664 2241 769 2304 milites
784 2245 880 2322 primo
895 2261 1060 2322 congressu
1073 2247 1142 2329 pulsi

163 2328 321 2406 fugatique.
343 2326 469 2388 Romani
482 2327 633 2404 signorum
648 2334 677 2390 et
691 2345 843 2389 armorum
853 2327 1001 2407 aIIquanto
1011 2347 1164 2402 numeros

163 2412 289 2473 hostium
310 2428 474 2490 paucorum
495 2411 593 2490 potiti:
612 2429 682 2473 nam
702 2410 795 2474 ferme
812 2411 944 2474 Numidis
958 2414 990 2474 in
1010 2416 1142 2479 omnihus

162 2494 282 2575 proeliis
303 2496 396 2572 magis
418 2495 507 2573 pedes
529 2513 617 2577 quam
634 2514 714 2557 arma
730 2503 792 2558 tuta
813 2503 890 2557 sunt.

111 2581 152 2640 75
247 2581 289 2642 Ea
311 2580 380 2657 fuga
403 2578 544 2657 Iugurtha
559 2581 709 2658 inpensius
726 2579 814 2641 modo
828 2580 918 2642 rebus
932 2581 993 2642 suis
1013 2583 1143 2649 diffidens

163 2682 231 2725 cum
246 2665 378 2743 perfugis
392 2671 420 2725 et
435 2671 519 2743 parte
534 2665 679 2743 equitatus
690 2665 721 2725 in
735 2662 918 2732 solitudines,
936 2664 1003 2724 dein
1022 2666 1142 2732 Thalam

162 2751 310 2824 pervenit,
337 2750 367 2809 in
394 2748 534 2827 oppidum
559 2764 699 2825 magnum
726 2752 812 2825 atque
839 2747 1010 2825 opulentum
1035 2752 1165 2835 uhIqoea

162 2829 295 2910 plerIque
312 2833 464 2893 thensauri
482 2831 667 2911 filiorumque
685 2832 747 2893 eius
765 2829 873 2892 multus
890 2831 1034 2909 pueritiae
1052 2837 1143 2901 cultos

71 2975 72 2978 ,
134 2920 235 2976 eerat.
280 2915 360 2986 Quae
382 2922 536 2995 postquam
557 2914 672 2978 Metello
695 2920 834 2994 conperta
854 2922 938 2985 sunt,
967 2935 1143 3001 quamquam

161 3000 238 3058 inter
256 2998 375 3058 Thalam
392 3000 560 3079 flumenque
573 3017 750 3079 proxumum
765 3001 795 3061 in
816 3001 909 3078 spatio
929 2999 1042 3063 milium
1063 3008 1142 3084 quiu-

163 3083 300 3162 quaginta
321 3081 384 3143 loc-a
400 3085 481 3145 arida
495 3090 582 3162 atque
598 3089 677 3145 vasta
692 3101 757 3146 esse
772 3092 956 3161 cognoverat,
978 3094 1078 3149 tamen
1094 3107 1142 3169 spa

161 3167 296 3245 patrandi
310 3165 388 3236 belli,
404 3169 428 3226 si
443 3169 505 3229 eius
520 3168 618 3248 oppidi
636 3169 744 3246 potitus
761 3169 846 3238 foret,
865 3170 958 3230 omnis
973 3175 1165 3248 asperitatess

137 3251 359 3330 asuperuadere
381 3257 568 3313 conaturam
588 3253 674 3313 etiam
698 3255 815 3314 vincere
829 3253 1008 3330 adgreditur.
1052 3257 1141 3334 Igitur

164 3337 260 3396 omnIa
281 3337 409 3396 iumenta
431 3336 553 3396 sarciuis
573 3336 662 3397 levari
682 3336 773 3407 iubet,
795 3337 852 3398 nisi
866 3337 1013 3400 frumento
1029 3340 1141 3404 dlerum

163 3418 275 3490 decem,
299 3426 430 3481 ceterum
450 3420 524 3479 utris
543 3420 631 3481 modo
654 3426 682 3482 et
703 3420 757 3482 alia
780 3439 873 3502 aquae
892 3421 996 3484 idonea
1016 3426 1140 3503 portari·
