2378 3864
136 176 196 235 114
352 242 356 249 ,
407 185 591 232 oraciones
614 186 655 227 nn
673 183 855 228 narseum

134 349 199 404 tur:
230 341 288 402 iam
310 336 374 408 illa,
407 353 482 414 quae
503 334 637 397 socordia
660 339 756 395 vostra
778 330 911 396 conlecta
934 339 1019 404 sunt,
1050 331 1117 395 dila·

84 529 117 580 22
135 425 283 578 beanna
306 523 340 566 re
364 505 403 564 ita
433 514 556 564 censeo:
586 500 724 581 quoniam
750 494 939 583 linquas
959 501 1117 565 exercitum

136 594 248 672 privato
277 586 399 651 consilio
424 586 560 665 paratum
589 604 656 647 cnm
682 585 828 666 pessumis
855 590 885 648 et
911 582 1049 647 hostibus
1078 584 1118 645 rei

135 675 271 755 publicae
287 678 389 735 eontra
403 669 490 732 huius
505 670 615 732 ordinis
628 670 830 732 auctoritatem
848 666 1008 731 addidisem
1032 668 1136 737 dudit

136 761 178 821 uti
206 759 316 838 Appius
338 754 474 816 Claudius
495 754 626 816 interrex
656 768 723 815 cum
743 753 777 826 Q.
801 751 903 815 clodo
922 756 979 831 pro
1001 751 1118 814 consulo

136 850 166 905 et
178 843 283 905 ceteris
297 836 570 923 quibusirnperlum
581 845 624 899 est
645 836 713 898 urbi
733 836 881 923 pracsidio
900 836 968 908 sliu,
985 852 1118 917 operam·

137 945 193 1006 que
216 926 286 988 dent
306 942 345 984 ne
366 923 436 1002 quid
457 920 638 1002 respublica
653 921 821 983 detrimenti
843 922 947 1000 capiat.

204 1111 304 1174 Oratae
327 1110 361 1170 o.
385 1109 483 1170 Oetae
501 1108 629 1170 consults
650 1108 694 1168 act
715 1104 859 1183 populum
879 1102 1060 1168 Romdnum.
1124 1108 1142 1150 ¹⁰

100 1278 114 1330 1
220 1260 356 1333 Quirites,
378 1260 469 1323 multa
488 1260 560 1322 mihi
573 1258 704 1339 pericula
719 1259 798 1322 domi
817 1256 1011 1339 militiisque,
1026 1256 1119 1319 'multa

136 1348 258 1410 advorsa
275 1346 367 1417 luere,
384 1362 509 1425 quorum
524 1343 577 1405 alia
595 1342 724 1415 toleravi,
739 1342 845 1424 partim
863 1343 982 1424 reppuli
997 1342 1119 1405 deorum

137 1432 249 1494 auxiliis
272 1436 301 1492 et
315 1431 420 1491 virtute
440 1446 521 1491 mea:
543 1431 573 1490 in
593 1431 657 1507 quis
673 1428 986 1510 omnibdsnttmquar'u
1007 1422 1119 1489 animm

136 1517 254 1594 negotio
272 1513 372 1584 detuit,
400 1530 496 1594 neque
517 1513 642 1576 decretis
665 1513 762 1575 labos:
790 1513 885 1576 malae
914 1510 1144 1592 secundaequou

103 1608 120 1657 2
137 1618 186 1661 res
207 1617 294 1678 opes,
320 1615 381 1659 non
400 1599 550 1676 ingenium
571 1597 643 1659 mihi
664 1598 826 1661 mutabant.
841 1598 1003 1683 decontra
1023 1598 1056 1659 iu
1075 1595 1116 1658 iris

137 1684 262 1745 miseriis
283 1689 388 1744 cuncta
409 1701 457 1744 me
478 1700 545 1745 cum
568 1683 685 1745 fortuna
707 1680 874 1745 deseruere.
893 1672 1056 1745 musuleo
1075 1696 1117 1741 se·

137 1774 254 1835 nectus,
287 1784 341 1845 per
370 1782 402 1827 se
429 1767 540 1844 gravis,
564 1783 666 1828 curam
694 1766 909 1845 duplicaturi
930 1767 1042 1828 misero
1059 1770 1118 1827 aeta

102 1855 120 1908 3
137 1851 195 1912 iam
213 1855 306 1911 aetate
325 1866 363 1909 ne
379 1855 505 1910 mortem
518 1850 636 1928 quidem
648 1851 800 1912 honestam
815 1866 937 1930 sperare
949 1848 1029 1912 licet.
1048 1848 1118 1913 llam

137 1935 162 1995 si
183 1932 313 2012 paricida
331 1934 420 1993 vostri
437 1950 503 1994 sum
517 1941 547 1994 et
561 1933 607 1995 bis
621 1936 736 2012 genitus
748 1933 796 1995 hle
815 1933 886 1996 deos
901 1932 1018 2015 pe'natis
1040 1938 1145 1995 mensu

136 2019 319 2098 patriamque
337 2024 366 2078 et
390 2034 538 2081 summum
557 2022 714 2098 imperinm
733 2017 797 2080 vilia
820 2017 933 2090 habeo,
962 2018 1030 2099 quis
1052 2014 1119 2079 milri

137 2105 200 2164 vivo
229 2102 377 2164 cruciatus
406 2103 474 2164 satis
500 2109 545 2165 est
571 2110 622 2163 aut
647 2121 722 2184 quae
748 2119 844 2181 poena
876 2103 1016 2165 mortuui
1053 2100 1119 2183 qtdn

138 2188 235 2249 omnia
255 2193 419 2248 memorata
442 2188 520 2267 apud
544 2187 654 2249 interos
675 2187 817 2267 subplicia
836 2186 950 2250 scelere
967 2204 1037 2248 meo
1056 2186 1117 2248 rici.

102 2280 120 2329 4
137 2273 162 2332 d
179 2272 275 2349 prima
304 2269 499 2333 adulescentia
528 2273 558 2332 in
587 2290 639 2334 ore
658 2279 757 2333 vostro
774 2273 905 2350 priuatus
927 2278 957 2334 et
978 2273 1011 2334 in
1030 2270 1118 2349 magi·

137 2354 276 2417 stratibus
299 2356 360 2431 egi:
389 2356 439 2433 qui
459 2355 576 2434 lingua,
607 2357 657 2436 qui
680 2354 800 2418 consilio
816 2360 902 2427 meo,
924 2357 977 2436 qui
996 2354 1145 2436 pecunias

138 2438 271 2511 voluere,
300 2441 345 2500 usi
368 2447 450 2501 sunt:
478 2458 575 2519 neque
602 2458 656 2519 ego
680 2440 813 2503 callidam
834 2440 1005 2503 facundiam
1025 2454 1119 2519 neque

136 2525 285 2603 ingenium
300 2524 336 2585 ad
347 2522 423 2585 male
437 2525 605 2587 faciundum
627 2526 761 2586 exercui:
780 2526 972 2587 avidissumus
992 2525 1120 2605 privatae

139 2611 249 2690 gratiae
269 2626 422 2671 maxumas
442 2606 606 2671 inimicitias
627 2629 683 2691 pro
705 2628 739 2670 re
764 2610 881 2688 publica
901 2611 1036 2689 suscepit
1059 2609 1120 2689 quis

136 2695 229 2755 victus
252 2711 319 2754 cum
341 2691 388 2754 illa
412 2692 506 2763 simul,
521 2711 588 2754 cum
610 2711 701 2772 egens
722 2692 833 2756 alienae
852 2695 916 2773 opis
936 2690 1026 2772 plura
1047 2691 1120 2755 maia

139 2784 340 2856 expectarem,
370 2795 435 2848 vos,
459 2777 595 2850 Quirites,
620 2795 725 2839 rursus
747 2778 818 2839 mihi
839 2776 964 2857 patriam
991 2777 1145 2859 deosqucu

104 2870 121 2921 t
138 2863 251 2939 penatis
271 2880 338 2923 cum
354 2862 465 2939 ingenti
485 2861 623 2941 dignitato
643 2862 772 2924 dedistis.
791 2863 850 2923 Pro
862 2859 970 2942 quibus
981 2860 1120 2925 benillciis

138 2946 185 3006 vix
203 2946 273 3006 satis
291 2951 393 3023 gratus
414 2946 523 3017 videar,
545 2949 570 3008 si
586 2945 709 3024 singulis
731 2947 867 3018 animam,
891 2962 981 3025 quam
996 2962 1119 3027 nequeo,

139 3029 345 3091 concesserim.
362 3030 437 3092 Nam
452 3032 508 3093 vita
524 3038 553 3093 et
572 3049 652 3092 mors
673 3032 738 3092 iura
756 3037 879 3092 naturae
900 3035 985 3090 sunt:
1010 3038 1045 3092 ut
1061 3030 1120 3091 siue

139 3113 284 3177 dedecore
297 3131 365 3175 cum
377 3115 487 3177 civibus
499 3116 575 3177 lama
592 3124 621 3177 et
632 3116 757 3178 fortunis
772 3115 886 3194 integer
899 3129 978 3192 agas,
1000 3114 1031 3176 id
1045 3113 1120 3176 dono

140 3198 225 3260 datur
247 3205 334 3278 atque
357 3200 508 3278 accipitur.

105 3301 123 3351 o
224 3282 365 3345 Consules
386 3300 441 3343 nos
469 3281 592 3357 lecistis,
615 3285 756 3359 Quirites,
792 3283 870 3345 domi
890 3278 1020 3360 bellique
1039 3284 1119 3363 iupe-

141 3367 291 3430 ditissuma
302 3387 336 3431 re
353 3365 479 3448 publica.
493 3366 626 3449 Namque
640 3365 997 3452 immritoresllispaniae
1013 3368 1119 3451 stipen-

140 3450 221 3513 dium
248 3451 368 3523 milites,
392 3468 474 3513 uma
495 3450 676 3516 trumentum
696 3459 839 3533 poscunt:
869 3457 898 3513 et
916 3448 946 3512 id
967 3466 1019 3515 res
1034 3448 1120 3531 cogit·
