2378 3864
269 157 312 200 nr
334 155 437 205 namo
460 156 662 207 rvavaruruo
685 156 711 200 c.
733 150 777 207 71.-
797 149 840 205 72.
862 151 906 207 aa.
1039 143 1078 205 81

92 307 259 369 cruciatum
279 303 386 371 mallet.
412 305 461 373 Set
476 323 611 369 cumeae
625 305 738 369 litterae
761 306 888 380 adlatae,
910 309 985 370 torte
999 309 1077 372 llab·
1089 313 1126 374 71

91 389 176 454 dalsa
198 391 326 453 caerulo
343 407 469 468 corpore
486 389 581 457 susus
604 390 634 451 in
655 389 731 451 lecto
747 391 923 470 quiescebat,
939 391 992 454 ubi
1007 405 1104 473 cog-2

92 476 164 537 uitis
175 472 349 537 Romsscaris
366 473 463 536 verbis
476 473 574 550 primo
590 490 670 544 cura,
688 474 802 546 deiude,
823 477 866 537 uti
880 471 1002 554 aegrum
1018 479 1079 541 ani·

71 575 178 629 ,mum
197 556 292 628 solet,
313 573 435 620 somnus
457 558 541 636 cepit
576 555 648 618 Erat
662 558 690 619 ei
703 557 828 629 Numida
851 559 969 639 quidam
985 568 1104 639 nego-3

67 644 205 707 otiorum
221 646 355 711 curator,
374 639 450 704 lidus
469 646 665 718 acceptusque
687 648 717 703 et
738 643 868 704 omnium
892 643 1080 707 consiliorum

90 727 151 802 nisi
165 724 324 786 novissumi
334 724 490 803 particeps.
513 722 569 793 Qui
580 730 735 804 postquam
750 725 860 794 adlatas
872 726 984 793 litteras
996 729 1105 799 marli-4

91 811 134 872 vit
156 815 186 870 et
208 825 244 870 ex
266 807 478 874 consuetudine
498 813 581 875 ratus
602 825 692 886 opera
714 816 765 872 aut
789 811 905 888 ingenio
924 827 977 873 suo
1004 829 1080 893 opus

92 910 160 957 esse
188 892 218 954 in
246 889 470 957 tabernaculum
492 891 617 962 introiit,
645 892 810 956 dormiente
836 893 886 961 illo
912 895 1078 974 epistulam,

93 994 186 1056 super
210 982 297 1055 caput
316 977 346 1036 ln
368 973 486 1054 pulvino
508 982 620 1037 temere
641 978 775 1055 positam,
792 979 881 1040 sumit
896 997 930 1040 ac
944 979 1077 1058 perlegit,

57 1087 81 1126 ao
95 1061 166 1124 dein
187 1077 316 1140 propere
337 1060 460 1137 coguitis
477 1058 588 1129 insidiis
606 1059 644 1127 ad
664 1077 766 1138 regern
782 1063 888 1140 pergit
932 1062 1106 1125 Nabdalsas

92 1143 184 1226 putrln
205 1152 273 1221 post
296 1150 502 1222 experrectus,
529 1141 581 1209 ubi
608 1161 705 1223 neque
727 1144 880 1224 epistulam
900 1149 1031 1226 repperit
1052 1155 1081 1209 et

91 1232 160 1292 'rem
174 1244 295 1289 omnem
309 1229 352 1291 uti
367 1233 429 1289 acta
446 1234 509 1295 erut
523 1228 668 1304 cognovit,
689 1229 785 1307 primo
799 1229 925 1303 inclinem
941 1232 1080 1310 persequi

92 1319 235 1383 eonatras,
247 1310 443 1391 postquamia
453 1309 563 1373 frustra
573 1311 642 1380 luit,
659 1311 831 1388 Iugurtham
839 1310 976 1390 phoandi
986 1315 1079 1393 gratia

91 1395 226 1460 adcedit:
249 1394 333 1465 dicit,
350 1412 425 1473 quae
441 1396 504 1473 ipse
520 1395 681 1473 paravisset
695 1396 807 1466 iacere,
828 1395 952 1475 pertidia
967 1395 1079 1459 clientis

56 1505 81 1546 u
93 1481 142 1542 sui
161 1485 335 1558 praesenta:
353 1478 520 1547 lacrumans
542 1477 704 1540 obtestatur
716 1496 771 1558 per
789 1481 945 1545 amicitiam
965 1498 1079 1562 perqpe

92 1582 150 1627 sua
171 1569 256 1624 antea
270 1560 393 1635 fideliter
407 1570 470 1629 acta
484 1581 525 1623 ne
539 1579 629 1642 super
643 1561 692 1629 tali
705 1562 818 1625 scelere
831 1570 1002 1643 suspectum
1015 1581 1080 1628 sese

84 1647 229 1712 baberet.
271 1647 317 1709 lld
339 1665 373 1713 ea
393 1665 460 1717 rex,
487 1645 570 1710 aliter
585 1654 673 1726 atque
693 1648 790 1709 animo
812 1646 942 1726 gerebat,
963 1647 1076 1728 placide
1088 1648 1129 1709 72

94 1731 259 1811 respoudit.
282 1731 446 1796 Bomilcare
462 1731 582 1810 aliisquo
597 1731 705 1804 multis,
716 1749 791 1812 quos
801 1732 897 1793 socios
907 1732 1078 1811 insidiarum

96 1822 292 1895 cognoverat,
319 1815 480 1882 interiectis
507 1817 582 1881 iram
609 1814 811 1894 obpresserat,
840 1833 957 1896 nequa
980 1834 1016 1878 ex
1042 1834 1078 1877 eo

53 1927 83 1968 ao
94 1901 215 1979 negotio
233 1900 336 1962 seditio
352 1906 496 1963 oneretun.
526 1897 628 1978 Neque
648 1907 716 1979 post
729 1900 758 1961 iol
772 1899 905 1963 locorum
920 1898 1105 1979 Iugurtham

92 1987 159 2048 (lias
179 1991 230 2047 aut
257 2001 318 2045 nox
337 1982 397 2045 ulla
418 1984 515 2062 quieta
536 1984 607 2046 luit:
635 2001 732 2062 neque
756 1983 822 2046 loon
840 2001 937 2064 neque
962 1984 1082 2046 mortali

93 2071 233 2148 cuiquam
253 2073 304 2131 aut
326 2069 452 2147 tempori
477 2069 546 2130 satis
567 2067 705 2137 credere,
738 2068 807 2128 civis
828 2067 976 2146 hostisque
999 2067 1076 2130 iuxta

91 2160 236 2222 metuere,
253 2153 498 2230 circumspectare
516 2152 613 2216 omnia
625 2157 655 2211 et
676 2152 756 2213 omni
773 2152 896 2229 strepitu
911 2168 1077 2229 pavescere,

90 2237 150 2299 alio
166 2243 254 2316 atque
269 2235 325 2298 alio
339 2235 414 2306 loco,
429 2253 516 2313 saepe
531 2241 633 2297 contra
647 2234 739 2296 decus
752 2235 866 2314 regium
881 2239 970 2296 numu
980 2235 1078 2312 requi·

54 2348 82 2388 aa
94 2339 212 2390 escae,
238 2320 387 2385 biternum
400 2336 503 2384 somno
518 2325 708 2396 experrectus
723 2318 851 2398 adreptis
866 2319 955 2381 armis
969 2315 1076 2381 tumul·

91 2415 157 2469 tum
175 2404 292 2466 lacere:
315 2405 355 2466 ita
374 2403 529 2468 tormidine
551 2404 633 2481 quasi
648 2403 785 2469 uecordia
808 2404 958 2481 exagitari.

180 2487 273 2566 Igitur
290 2485 437 2557 Metellus,
459 2485 564 2555 ubila
584 2504 653 2556 casu
665 2485 842 2559 ¹Bomilcaris
860 2494 889 2548 et
905 2485 1012 2562 indicio
1023 2490 1119 2565 pa·73

91 2573 201 2635 taiaoto
216 2590 252 2634 ex
272 2570 403 2650 perfugis
418 2573 569 2648 cognouit,
590 2587 693 2640 rapsus
708 2577 859 2649 tamquam
877 2569 914 2632 ad
928 2571 1077 2647 integrum

93 2654 205 2719 bellum
226 2663 330 2718 cuncta
350 2662 435 2733 parat
460 2654 644 2734 festinatque.
694 2654 830 2724 Maium,
850 2654 1017 2731 fatigantem
1041 2652 1103 2716 dea

53 2740 276 2821 saproiectione
297 2739 384 2809 simul
405 2747 434 2801 ot
455 2740 579 2803 inrisum
594 2746 630 2811 et
651 2738 805 2801 oblensunr
824 2736 879 2801 sihi
891 2755 996 2817 parurn
1011 2737 1077 2804 ido-

92 2842 185 2889 neum
211 2833 308 2905 ratus,
334 2824 453 2889 domurn
474 2823 598 2891 dimittit.

179 2907 216 2969 Et
239 2908 350 2970 Romae
371 2906 473 2985 plebes
489 2907 611 2977 litteris,
639 2925 713 2985 quae
736 2906 772 2967 de
793 2905 908 2975 Metello
930 2924 965 2967 ac
985 2903 1103 2972 Marios

92 2994 201 3055 missae
218 2996 319 3060 orant,
342 2991 465 3067 coguitis
484 2991 591 3053 volenti
612 2992 708 3052 animo
730 2990 767 3052 de
785 2989 933 3052 ambobus
954 3006 1077 3067 accepe-

89 3082 171 3138 rant
212 3076 387 3158 imperatori
408 3072 562 3142 nobilitas,
585 3089 663 3153 quae
685 3079 771 3135 antea
793 3071 894 3134 decori
915 3075 985 3141 suit.
1004 3072 1104 3137 invi-4

55 3187 83 3229 aa
93 3161 160 3222 diue
176 3175 255 3221 esse:
270 3163 300 3218 at
315 3155 355 3218 illi
373 3155 457 3217 altari
470 3156 588 3234 generis
601 3153 749 3216 humilitas
761 3154 891 3218 fauorem
908 3154 1074 3219 addiderat.

94 3254 228 3306 ceterum
246 3242 277 3303 in
298 3247 425 3319 utroque
446 3240 538 3319 magis
554 3237 649 3298 studia
669 3238 796 3317 partium
818 3257 906 3317 quarn
927 3238 1004 3311 bona
1021 3246 1077 3299 ,aut

91 3327 172 3391 mala
190 3344 243 3388 sua
266 3324 426 3388 moderata.
456 3323 612 3386 Praeterea
628 3322 757 3384 seditiosi
765 3323 954 3402 magistratus
963 3318 1105 3401 volgumt

91 3411 258 3491 exagitare,
282 3407 428 3471 lletellum
443 3405 579 3471 omnibus
594 3406 778 3470 contionibus
793 3404 894 3483 capitis
916 3417 1076 3488 unescerej

145 3510 279 3563 Sannusr.
904 3502 925 3565 6
