2378 3864
132 155 172 216 30
250 153 255 162 ’
321 176 363 216 nu
385 175 557 220 cnummau
579 176 819 221 courvaerroua
840 179 868 221 c.
884 171 927 224 52.

132 323 169 383 de
190 322 292 384 inferis
307 331 523 393 memorantur,
547 325 662 386 divorso
678 327 782 387 itinere
800 326 893 387 malos
911 346 927 388 a
950 328 1113 393 bonisiaca

91 427 122 478 14
132 413 224 468 taetra
236 407 353 478 inculta,
369 407 454 468 foeda
470 415 557 488 atque
573 407 763 470 formidulosa
778 410 897 471 habere.
928 412 1031 492 ltaque
1047 433 1114 476 een·

131 493 188 554 suit
208 493 347 570 pecunias
374 509 477 553 eorum
499 491 699 571 publicandas,
722 495 801 572 ipsos
827 513 881 572 per
900 498 1059 575 municipia
1086 502 1114 560 in

132 576 269 638 custodiis
283 575 443 644 habendos,
461 575 593 637 videlicet
609 579 724 646 timens,
739 596 786 645 ne,
808 581 831 638 si
846 578 958 641 Romae
972 581 1046 650 siut,
1066 590 1115 643 aut

131 679 147 720 a
164 659 355 741 popularibus
372 660 580 720 coniurationis
596 668 646 722 aut
663 679 679 721 a
696 661 880 723 multitudine
901 663 1047 726 conducta
1061 684 1133 745 pera

91 767 121 818 15
131 746 187 804 vim
200 745 369 824 eripiantur.
398 743 486 815 Quasi
502 761 570 804 vero
584 744 653 805 mali
668 751 759 824 atque
772 745 887 807 scelesti
897 752 1013 809 tantum
1027 751 1115 811 modo

131 831 160 891 in
177 828 250 890 urbe
266 833 295 887 et
308 844 367 887 nou
383 835 539 905 pertatem
553 827 665 889 ltaliam
679 830 745 899 sint,
758 837 880 890 autnon
894 829 934 890 ibi
945 829 1115 912 pluspossit

92 912 268 988 qnaudacia,
292 910 342 970 ubi
363 913 400 972 ad
423 911 644 973 defendundum
659 930 730 993 opes
744 914 874 975 minores
895 921 972 975 sunt.
995 916 1060 988 Qua
1081 935 1114 978 re

132 1013 239 1057 vanum
255 994 390 1074 equidem
403 994 461 1056 hoc
475 994 628 1057 consilium
640 1004 691 1066 est,
709 998 734 1057 si
748 997 912 1076 periculum
927 1016 963 1058 ex
979 999 1036 1060 illis
1052 1020 1113 1062 me-

17 1143 30 1164 s
131 1083 200 1143 tuit:
223 1081 268 1138 sin
284 1080 408 1140 intanto
424 1081 555 1140 omnium
570 1087 651 1140 metu
672 1079 752 1142 solus
773 1097 834 1142 nou
849 1083 946 1151 timet,
969 1101 1004 1143 eo
1021 1088 1144 1163 magistr

90 1184 121 1234 17
131 1165 223 1228 refert
241 1182 289 1225 me
301 1163 373 1224 mihi
390 1170 476 1243 atque
491 1163 572 1224 vobis
588 1165 700 1225 timere.
730 1165 793 1237 Qua
809 1177 843 1226 re
860 1185 927 1226 eum
943 1167 979 1227 de
990 1166 1023 1227 P.
1039 1168 1114 1230 Len-

130 1249 192 1311 tulo
208 1248 370 1327 ceterisque
390 1249 538 1317 statuetis,
559 1266 614 1328 pro
638 1256 718 1309 certo
735 1248 886 1319 habetote,
910 1267 961 1309 vos
976 1251 1063 1312 simul
1079 1254 1114 1314 de

90 1353 121 1406 18
132 1331 404 1397 exereituCatilinae
413 1339 442 1393 et
452 1332 488 1394 de
498 1330 633 1393 omnibus
646 1333 802 1394 coniuratis
814 1334 984 1394 decernere.
998 1336 1114 1407 Quanto

131 1437 182 1480 sos
203 1418 348 1479 adtentius
362 1435 396 1477 ea
411 1418 520 1494 agetis,
540 1423 620 1477 tanto
635 1416 691 1478 illis
706 1418 818 1479 animus
832 1418 975 1478 infirmior
996 1422 1068 1480 erit:
1090 1422 1114 1481 si

130 1501 282 1582 paululum
303 1500 390 1562 modo
411 1519 463 1561 vos
482 1500 622 1579 languere
643 1501 774 1571 viderint,
797 1504 854 1563 iam
876 1518 978 1562 omnes
1000 1504 1143 1568 ferocesu

133 1588 266 1648 aderunt.

92 1685 124 1736 19
217 1668 312 1731 Nolite
327 1670 502 1729 existumare
517 1668 642 1729 maiores
656 1674 772 1728 nostros
784 1671 872 1729 armis
887 1669 1113 1749 rempublicam

88 1772 122 1824 ιο
133 1772 169 1816 ex
179 1751 538 1832 parvamagnamfeeisse.
554 1750 586 1811 Si
596 1752 636 1812 ita
646 1752 1113 1832 resesset,multopulcerrumam

130 1855 195 1901 eam
209 1853 264 1897 nos
278 1833 470 1895 haberemus:
491 1834 598 1913 quippe
616 1834 763 1895 sociorum
780 1842 867 1915 atque
884 1839 1013 1907 civium..
1026 1857 1112 1918 prae·

129 1931 212 1984 terea
239 1936 389 1981 umorum
409 1926 496 1998 atque
526 1935 669 1997 equorum
697 1920 790 1979 maior
810 1923 893 1999 copia
914 1922 1001 1982 nobis
1023 1941 1145 2002 quamn

90 2018 120 2069 21
132 2006 187 2068 illis
209 2011 261 2066 est.
306 2003 357 2064 Set
378 2002 433 2064 alia
453 2001 550 2071 fuere,
574 2020 648 2081 quae
668 2001 733 2062 illos
754 2019 877 2080 magnos
898 2004 1012 2076 fecere,
1037 2025 1112 2084 quae

132 2089 217 2152 uobis
238 2086 318 2150 nulla
339 2095 419 2149 sunt:
443 2087 521 2148 domi
543 2087 684 2147 industria
721 2086 792 2147 foris
815 2089 924 2149 iustum
955 2093 1113 2169 imperium

132 2176 246 2236 animus
263 2173 293 2233 in
316 2170 494 2233 consulundo
515 2169 604 2239 liber,
630 2187 726 2250 neque
744 2169 848 2232 delicto
871 2191 967 2252 neque
989 2171 1113 2235 lubidini

89 2269 121 2318 22
133 2257 286 2323 obnoxius.
309 2255 367 2315 Pro
384 2255 429 2315 bis
451 2271 504 2313 nos
524 2253 669 2314 habemus
683 2254 829 2316 luxuriam
849 2264 936 2336 atque
951 2259 1110 2327 avaritiam,

132 2339 248 2422 publice
271 2344 428 2416 egestatem
449 2337 583 2416 privatim
604 2338 797 2416 opulentiam:
820 2340 973 2402 laudamus
989 2340 1143 2411 divitiosae

132 2425 282 2504 sequimur
298 2423 447 2483 inertiam:
466 2421 541 2483 inter
557 2421 651 2482 bonos
666 2431 694 2485 et
707 2423 800 2485 malos
814 2425 972 2486 discrimen
987 2424 1111 2494 nullum,

89 2518 122 2571 23
132 2509 228 2570 omnia
242 2508 356 2568 virtutis
369 2509 499 2586 praemia
510 2506 629 2567 ambitio
643 2509 781 2585 possidet.
806 2507 907 2585 Neque
920 2509 1042 2568 mirum:
1061 2509 1114 2570 arbi

131 2610 182 2653 vos
200 2593 356 2670 separatim
376 2590 432 2651 sibi
450 2593 573 2669 quisque
591 2589 742 2650 consilium
759 2593 873 2667 eapitis,
896 2590 947 2650 ubi
967 2592 1045 2652 dorni
1061 2611 1113 2652 vo-

130 2675 298 2754 luptatibus‚
313 2675 362 2736 bic
372 2675 514 2754 pecuniae
529 2679 579 2733 aut
589 2674 698 2748 gratiae
713 2674 834 2740 servitis,
847 2691 881 2732 eo
898 2673 937 2742 iit,
950 2680 983 2733 ut
993 2676 1113 2751 inpetus

131 2761 180 2821 tiat
201 2760 230 2819 in
252 2776 373 2819 vacuam
387 2776 451 2818 rem
471 2754 627 2834 publicam.
1122 2787 1147 2827 30

90 2858 123 2906 24
185 2893 187 2899 1
215 2843 265 2903 Set
280 2857 335 2918 ego
350 2842 422 2902 haee
434 2841 543 2900 omitto.
570 2837 763 2899 Coniuravere
776 2838 955 2900 nobilissumi
967 2841 1043 2900 cives
1058 2859 1112 2919 pa-

133 2929 218 2987 triam
240 2925 413 2994 incendere,
440 2922 590 2986 Gallorum
612 2930 731 2998 gentem
753 2924 977 2986 infestissumam
999 2929 1112 2988 nomini

130 3010 263 3071 Romano
286 3008 322 3069 ad
342 3007 452 3071 beilum
474 3013 643 3074 accersunt,
667 3007 726 3068 dux
744 3008 871 3068 hostium
892 3028 958 3070 eum
979 3013 1111 3072 exercitu

88 3100 121 3150 25
130 3112 219 3172 supra
234 3100 322 3172 caput
333 3099 389 3154 est:
405 3110 457 3154 ros
472 3093 647 3153 cunctamini
661 3094 845 3162 etiamnunc,
861 3094 929 3172 quid
942 3095 1017 3153 intra
1029 3112 1110 3156 moe·

90 3181 181 3241 aonia
199 3177 391 3258 deprebensis
408 3175 542 3238 hostibus
563 3175 690 3236 faciatis?
730 3177 924 3238 Misereamini
945 3194 1050 3238 censeo
1072 3213 1106 3222 -
1120 3199 1144 3238 as

132 3262 281 3342 deliquere
304 3261 436 3323 homines
454 3259 663 3322 adulescentuli
683 3279 737 3340 per
754 3261 941 3322 ambitionem
964 3295 998 3306 -
1023 3269 1110 3342 atque

90 3359 121 3410 27
133 3349 220 3408 etiam
235 3353 362 3408 armatos
377 3345 533 3409 dimittatis.
555 3346 599 3409 Ne
610 3343 754 3407 istarobis
769 3346 962 3406 mansuetudo
982 3352 1010 3406 et
1023 3347 1109 3406 mise-

89 3431 267 3502 sericordia,
287 3432 311 3492 si
325 3431 365 3494 illi
380 3449 460 3493 arma
479 3431 618 3508 ceperint.
636 3435 666 3494 in
682 3436 827 3495 miseriam
845 3437 1005 3490 convertat.
1048 3430 1110 3491 Sci·
