2378 3864
290 119 334 160 nn
356 117 459 160 annno
483 114 660 160 rvuvurruo
683 113 710 156 o.
731 103 758 159 4.
781 108 809 158 t·
1003 94 1044 156 39

60 269 159 332 claros
180 268 258 328 viros
280 263 380 324 solitos
395 266 434 324 ita
455 265 571 325 dicere:
593 282 661 326 cum
675 265 819 325 maiorum
835 264 977 340 imagines
995 259 1044 323 tn„

58 356 226 421 tuerentur,
234 349 497 410 vehementissume
509 348 563 408 sibi
575 349 704 409 animum
715 349 751 409 ad
761 349 898 408 virtutem
909 346 1041 408 adcendi.

60 436 180 498 Scilicet
191 451 251 494 non
267 449 365 493 ceram
382 431 461 492 illam
475 450 571 510 neque
585 431 709 507 figuram
732 438 842 492 tantam
855 433 913 492 viru
927 433 957 491 in
979 437 1071 492 seseli

59 520 184 589 habere,
197 525 241 580 set
255 516 396 578 memoria
407 534 509 577 rerum
520 522 667 595 gestarum
683 535 747 579 eam
757 517 904 578 llammam
920 516 1044 593 egregiis

35 604 131 666 oriris
151 605 182 664 in
203 610 323 682 pectore
347 619 482 666 crescere
503 622 600 684 neque
619 605 702 682 prius
724 601 821 665 sedari
843 621 930 682 quam
951 602 1044 661 virtus

60 705 168 749 eorum
190 687 298 749 famam
319 694 406 767 atque
428 688 553 767 gloriam
569 685 782 766 adaequaverit.
812 685 849 745 ht
862 693 966 746 contra
979 684 1071 763 quist

59 779 105 834 est
121 772 252 833 omnium
262 772 308 832 his
319 771 459 843 moribus,
475 775 544 853 quin
556 773 659 834 divitiis
673 780 703 835 et
716 771 888 851 sumptibus,
901 788 962 831 non
975 787 1045 848 pro-

58 855 152 916 bitate
166 873 263 935 neque
279 855 421 916 industria
436 875 503 918 cum
517 856 677 918 maioribus
692 859 752 918 suis
768 855 942 917 contendat?
959 855 1045 916 ctiam

59 940 197 1000 homines
212 940 289 1009 novi,
303 940 353 1018 qui
364 947 448 1001 antea
464 958 518 1018 per
531 942 669 1002 virtutem
684 940 760 1002 soliti
771 947 855 1002 erant
865 938 1045 1000 nobilitatem

24 1045 50 1088 ro
60 1024 240 1093 antevenire,
250 1023 351 1083 furtim
363 1031 393 1084 et
402 1041 456 1102 per
469 1023 618 1086 latrocinia
629 1026 727 1103 potius
739 1043 826 1104 quam
838 1023 925 1085 bonis
934 1023 1045 1084 artibus

60 1107 99 1168 ad
113 1109 239 1186 imperia
255 1113 285 1168 et
297 1106 427 1168 honores
448 1110 596 1169 nituntur:
619 1109 743 1186 proinde
767 1109 849 1188 quasi
863 1115 1003 1186 praetura
1018 1113 1072 1168 ets

61 1190 232 1253 consulatus
248 1196 333 1269 atque
352 1191 407 1252 alia
422 1193 518 1252 omnia
534 1192 657 1252 huiusce
670 1191 751 1252 modi
763 1209 818 1272 per
837 1209 869 1252 se
889 1193 952 1269 ipsa
968 1191 1046 1251 clara

61 1283 91 1337 et
113 1275 268 1350 magnilica
289 1276 361 1344 sint,
385 1293 494 1336 acuon
510 1275 633 1354 perinde
652 1274 816 1336 habeantur
830 1281 863 1335 ut
879 1292 982 1335 eorum
997 1275 1047 1352 qui

62 1377 97 1421 ea
113 1359 259 1419 sustinent
278 1359 369 1419 virtus
391 1366 443 1420 est.
478 1357 587 1420 Verum
603 1375 657 1436 ego
679 1357 800 1420 liberius
815 1358 958 1438 altiusque
977 1361 1075 1436 pro-9

26 1467 52 1509 u
63 1443 153 1511 cessi,
177 1442 248 1503 dum
269 1460 317 1504 me
339 1442 459 1503 civitatis
481 1460 598 1503 morum
618 1444 698 1521 piget
716 1443 886 1522 taedetque:
909 1459 989 1502 nunc
1010 1441 1047 1502 ad

62 1529 213 1604 inceptum
232 1526 332 1587 redeo.

150 1608 265 1670 Bellum
284 1612 448 1688 scripturus
470 1628 549 1681 sum,
572 1612 651 1690 quod
671 1609 799 1690 populus
813 1609 963 1671 Romanus
981 1609 1078 1670 cumb

62 1692 217 1771 Iugurtha,
232 1709 304 1770 rege
323 1692 526 1763 Numidarum,
549 1696 651 1772 gessit,
674 1694 803 1772 primum
819 1695 886 1773 qnia
908 1710 1048 1772 maguum

64 1784 95 1840 et
116 1784 201 1838 atrox
223 1777 362 1855 variaque
378 1778 497 1837 victoria
519 1776 587 1847 fuit,
612 1777 718 1839 dehinc
740 1779 807 1857 quia
825 1783 897 1838 tunc
919 1779 1075 1856 primum2

29 1879 101 1923 acsu
123 1859 223 1922 erbiac
237 1859 393 1921 nobilitatis
407 1861 521 1921 obviam
539 1862 611 1922 itum
627 1869 683 1932 cst,
699 1880 774 1941 quae
789 1863 937 1922 contentio
953 1862 1048 1922 divina

64 1953 95 2007 et
136 1962 244 2005 umana
260 1951 364 2004 cuncta
384 1945 555 2022 permiscuit
570 1963 665 2025 eoque
680 1945 834 2018 vecordiae
848 1946 1000 2024 processit,
1016 1952 1049 2004 ut

64 2027 169 2090 studiis
185 2027 316 2089 civilibus
334 2027 443 2089 bellum
457 2035 544 2107 atque
564 2031 680 2090 vastitas
695 2028 795 2090 ltaliae
816 2029 906 2088 tinem
925 2027 1045 2088 laceret.

65 2111 118 2174 Set
131 2113 214 2192 prius
231 2129 318 2190 quam
337 2110 460 2172 huiusce
475 2112 555 2172 modi
575 2115 620 2173 rei
633 2113 748 2173 initium
763 2111 932 2191 expediam,
954 2117 1074 2189 paueat

65 2212 157 2276 supra
170 2202 310 2273 repetam,
324 2213 382 2275 quo
397 2196 434 2255 ad
449 2195 690 2272 cognoscundum
702 2197 798 2256 omnia
813 2193 945 2256 inlustria
955 2196 1048 2272 magis

29 2279 217 2357 samagisque
238 2279 269 2339 in
287 2286 389 2358 aperto
408 2280 475 2340 sint.

151 2361 233 2423 Bello
248 2363 359 2423 Punico
374 2361 512 2430 secundo,
530 2380 588 2440 quo
600 2362 659 2422 dux
674 2361 956 2439 Carthaginiensium
970 2362 1076 2422 nan-⁴

65 2446 148 2509 nibal
163 2452 231 2525 post
247 2447 477 2523 magnitudinem
497 2445 624 2505 nominis
637 2445 762 2506 Romani
776 2443 874 2505 ltahae
896 2462 967 2523 opes
987 2462 1048 2504 ma·

65 2549 157 2593 nume
175 2530 346 2598 adtriverat,
367 2530 532 2598 Masinissa,
556 2547 608 2589 rex
625 2529 833 2598 Numidarum,
849 2530 879 2588 in
895 2528 1050 2590 amicitiam

65 2620 206 2693 receptus
229 2614 297 2674 aP.
321 2614 523 2693 Scipionc‚cui
544 2620 646 2691 postea
666 2613 804 2673 Africano
826 2629 990 2688 cognomen
1003 2630 1050 2693 ex

30 2700 177 2762 aovirtutc
186 2696 250 2767 fuit,
262 2696 353 2757 multa
369 2703 399 2758 et
414 2696 567 2776 praeclara
580 2697 626 2758 rei
638 2697 770 2758 militaris
785 2697 919 2756 facinora·
930 2695 1048 2764 lecerat,

68 2781 107 2843 ob
131 2799 207 2860 quac
228 2782 310 2841 victis
331 2779 618 2857 Carthaginiensibus
634 2787 663 2841 et
681 2786 766 2858 capto
784 2779 899 2849 Sulacc,
923 2781 1006 2840 cuius
1020 2780 1050 2839 in

67 2865 168 2927 Africa
190 2880 330 2941 magnum
343 2871 430 2944 atque
447 2863 671 2941 lateimpcrium
684 2863 781 2932 valuit,
803 2863 929 2941 populus
944 2862 1051 2922 Roma·

67 2967 126 3011 nus
147 2966 347 3028 quascumque
369 2947 453 3008 urbis
480 2954 509 3008 et
529 2964 616 3024 agros
636 2964 725 3008 manu
747 2955 865 3026 ceperat
886 2948 950 3023 regi
972 2946 1050 3006 dono

71 3032 161 3094 dedit.
199 3032 291 3109 lgitur
311 3031 435 3092 amicitia
449 3031 616 3092 Masinissae
631 3031 710 3091 bona
726 3037 813 3110 atque
826 3030 948 3090 honesta
965 3028 1081 3089 nobist

32 3117 248 3196 upermansit:
268 3113 341 3197 [set]
364 3115 471 3190 imperi
491 3116 626 3192 vitaeque
649 3114 712 3194 eius
733 3113 800 3174 finis
821 3113 900 3173 idem
922 3112 986 3170 luit.

157 3198 230 3260 Dein
251 3199 371 3276 Micipsa
393 3197 468 3258 filius
482 3215 608 3274 regnum
622 3197 701 3258 solus
718 3196 843 3259 obtinuit
855 3194 1052 3258 Mastanabale

70 3283 99 3345 et
117 3279 243 3346 Gulussa
265 3281 405 3343 iratribus
423 3281 528 3341 morbo
550 3280 718 3361 absumptis.
763 3281 791 3342 ls
810 3277 1005 3341 Adherbalem
1024 3290 1055 3343 et

68 3365 268 3447 lliempsalem
289 3386 325 3428 ex
347 3382 411 3428 seso
433 3366 533 3442 genuit
571 3364 815 3444 Iugurthamque,
838 3361 927 3424 filium
947 3361 1054 3424 Masta·
1121 3431 1128 3443 Ι
