2378 3864
117 177 158 238 58
322 200 364 240 bu
385 199 487 241 semo
510 198 709 242 rvoverrrrue
734 199 762 240 o.
784 191 827 244 31·
849 191 893 244 32.

118 356 203 423 atque
219 363 315 422 paces,
328 355 476 423 pestremo
490 346 583 406 divine
594 354 624 406 et
637 346 764 406 bumana
776 346 873 406 emnia
884 363 977 423 penes
988 363 1094 424 pancos

117 437 210 498 erant,
234 446 283 488 res
299 438 404 498 autem,
424 428 481 489 boe
502 438 546 490 est
566 428 691 507 populus
705 428 864 498 Romanus,
876 430 976 489 indoti
991 429 1028 489 ab
1044 427 1094 488 ho·

118 512 218 582 stibus,
225 511 415 588 imperatores
426 514 555 572 omnium
569 513 707 588 gentium,
723 514 793 573 satis
802 511 956 573 habebatis
971 514 1095 580 anirmm

117 597 260 656 retinere:
283 613 351 657 nam
372 596 541 656 servitutem
563 596 679 674 quidem
706 599 773 673 quis
799 605 929 656 vostrum
956 613 1095 657 reousure

120 678 262 739 audebat?
1102 703 1112 742 s

76 772 108 822 21
203 763 297 839 Atque
312 779 377 838 ego,
400 764 514 824 umetsi
527 765 590 823 rire
605 762 871 839 flagitiosissumum
890 764 1037 822 existam
1051 763 1095 849 in·

119 861 197 922 pune
211 846 345 906 iniuriam
359 847 519 924 accepisse,
540 854 638 908 tamen
651 863 702 905 vos
714 845 883 906 bominibus
896 844 1095 906 sceleratissm

119 930 173 987 mis
188 929 348 1006 ignoscere,
365 931 501 1006 quoniam
517 931 593 990 cives
607 937 687 999 sunt,
703 947 796 1007 aequo
811 930 908 989 animo
923 938 1054 1005 paterer,
1068 931 1097 988 ni

76 1012 318 1072 22miserieordia
333 1013 363 1072 in
377 1015 530 1089 pernitiem
544 1030 648 1074 casura
664 1021 749 1073 esset,
781 1011 854 1074 Nam
870 1011 986 1081 stillis,
1006 1029 1095 1090 quan·

119 1104 180 1155 tum
201 1096 415 1173 importunitatis
437 1097 554 1165 babent,
568 1114 673 1174 parum
694 1104 737 1157 est
757 1098 866 1175 inpune
887 1095 964 1156 male
984 1097 1123 1164 fecissen

119 1178 175 1239 nisi
195 1179 298 1240 deinde
321 1178 448 1243 faciundi
469 1180 585 1242 lieentia
609 1181 746 1258 eripitur,
762 1187 793 1240 et
806 1179 888 1240 vobis
903 1187 1027 1241 aeterna
1040 1178 1095 1240 sel·

118 1261 238 1324 lisiardo
260 1264 435 1334 remanebit,
465 1283 532 1326 eum
552 1263 725 1340 intellegetis
749 1273 799 1324 aut
820 1263 1011 1324 serviundum
1034 1280 1096 1324 esse

77 1353 111 1405 23
121 1353 172 1407 aut
183 1365 238 1425 per
253 1365 355 1408 manus
368 1347 530 1410 libertatem
541 1349 733 1409 retmeudum.
750 1346 823 1407 Nam
834 1347 902 1406 fidei
915 1346 1035 1426 quidem
1051 1356 1097 1408 eut

120 1431 293 1492 concordiae
315 1449 390 1509 quae
409 1450 478 1510 spes
499 1433 561 1492 esti
587 1431 736 1492 Dominari
755 1429 797 1490 illi
814 1430 925 1499 volunt,
944 1449 997 1490 vos
1013 1430 1096 1492 liberi

120 1533 200 1577 esse:
216 1515 313 1577 faeere
329 1515 369 1576 illi
384 1517 512 1585 iniurias,
526 1533 578 1575 vos
594 1515 766 1593 prohiberer
781 1522 930 1592 postremo
945 1515 1035 1575 sociis
1047 1533 1123 1575 ven

76 1603 110 1652 24
119 1600 187 1659 stris
209 1599 297 1661 veluti
310 1599 451 1669 hostibus,
472 1599 604 1660 hostibus
625 1617 680 1676 pro
694 1599 780 1659 sociis
796 1605 926 1658 utuntur.
959 1597 1096 1659 Potestne

118 1684 220 1744 intem
241 1683 363 1743 dirersis
384 1684 531 1744 mentibus
551 1699 608 1759 pax
628 1690 678 1743 aut
699 1682 821 1743 amicitia
836 1682 918 1743 esset

76 1772 111 1823 ab
204 1764 267 1836 Qua
282 1783 316 1826 re
332 1783 437 1826 moneo
451 1766 614 1843 hortorque
626 1784 692 1835 ros,
715 1783 753 1826 ne
771 1773 884 1826 tautum
896 1761 996 1826 scelus
1012 1765 1096 1842 inpu-

119 1849 212 1909 nitum
226 1849 371 1909 omittatis
393 1847 459 1909 Non
473 1848 624 1926 peculatus
641 1851 736 1910 aerari
749 1849 843 1910 benus
858 1857 916 1919 est,
929 1865 1029 1926 neque
1044 1864 1096 1924 per

120 1932 177 1992 vim
196 1932 283 1992 sociis
302 1939 419 2008 ereptae
435 1933 592 2009 peeuuiee,
615 1951 690 2010 quae
705 1950 883 2011 quamquam
902 1931 1004 2008 pretia
1019 1941 1125 1999 suutn

44 2043 49 2050 ·
119 2023 216 2077 tamen
237 2015 446 2077 consuetudine
466 2016 525 2076 iem
545 2031 600 2092 pro
620 2016 711 2076 nihilo
733 2014 893 2076 habentur:
915 2015 993 2078 boeti
1015 2032 1097 2075 neer-

119 2116 205 2160 rumo
219 2099 454 2177 proditaseuatus
465 2099 632 2165 auotoritas,
644 2094 792 2175 proditum
800 2096 959 2169 inperium
967 2106 1097 2160 rostrum

79 2189 179 2242 west:
202 2183 280 2242 donli
296 2181 471 2260 militmeque
492 2197 542 2241 res
561 2178 679 2258 publiea
697 2177 824 2240 vaomar
839 2180 904 2242 sarit.
937 2181 1020 2250 Quae
1043 2181 1098 2242 nisi

121 2267 250 2344 quaesita
263 2273 364 2335 erunt,
379 2265 433 2324 nisi
447 2264 623 2325 vindicatum
637 2265 668 2324 in
682 2265 793 2334 nomos,
807 2264 876 2343 quid
891 2266 947 2325 erit
961 2263 1097 2334 relicum,

119 2350 175 2410 nisi
188 2356 221 2409 ut
233 2347 298 2418 illis,
315 2351 364 2425 qui
374 2366 409 2409 ea
418 2347 524 2417 iecere,
539 2346 729 2410 oboedientes
739 2349 884 2409 vivamus?
901 2347 975 2409 Nam
986 2349 1098 2428 inpune
1107 2369 1127 2408 n

120 2431 296 2513 quaelubet
317 2431 413 2493 lacere
434 2431 463 2492 id
485 2439 529 2494 est
541 2449 643 2509 regem
663 2449 737 2494 esse.
920 2490 923 2494 ,

79 2525 112 2573 27
205 2516 307 2596 Neque
323 2533 377 2593 ego
391 2533 451 2586 vos,
467 2514 602 2585 Quirites,
612 2516 724 2583 hortor,
741 2522 773 2575 ut
786 2513 891 2576 malitis
902 2515 971 2574 civis
982 2524 1098 2578 vostros

120 2619 275 2679 perperam
287 2617 373 2679 quam
386 2607 467 2659 reete
482 2600 592 2667 iecisse,
607 2606 700 2659 estne
710 2598 888 2672 ignoscundo
902 2597 986 2656 malis
1002 2597 1099 2660 bonos

77 2694 111 2744 28
119 2684 267 2760 perditum
282 2686 361 2744 eatis.
384 2679 428 2741 Ad
442 2681 498 2741 hoe
511 2679 713 2762 inrepubliee
727 2679 820 2739 multe
834 2686 962 2755 praestat
976 2679 1099 2744 benifiei

117 2777 205 2838 qnam
217 2765 338 2829 maliliel
353 2766 633 2842 inmemoremesse:
642 2759 737 2821 bonus
750 2768 862 2822 tantum
873 2760 961 2821 medo
976 2768 1129 2838 segniore

77 2850 153 2910 ttbt
171 2847 222 2908 ubi
245 2849 399 2926 neglegas,
419 2857 451 2908 at
470 2846 563 2908 malus
584 2843 745 2921 inprobior.
783 2843 827 2907 Ad
847 2845 905 2906 boc
925 2845 951 2904 si
972 2846 1100 2911 iniuriae

120 2950 180 2993 non
198 2933 268 2999 sint,
285 2932 355 2993 baut
375 2949 462 3011 saepe
480 2928 565 2991 auxili
581 2925 686 3006 egees'

71 3009 110 3070 32
203 3013 283 3074 Haeo
298 3014 447 3091 atquealia
458 3013 582 3076 buiusee
592 3011 673 3074 modi
682 3009 800 3092 saepius
810 3011 1098 3078 diemdotlemmms

119 3098 227 3179 populo
242 3097 406 3175 persuadet,
427 3100 470 3159 uti
488 3097 521 3159 L
539 3096 662 3165 Cassius,
684 3096 734 3175 qui
754 3102 816 3159 mm
829 3103 949 3173 praetor
966 3106 1038 3167 erat,
1060 3102 1096 3162 ad

121 3181 290 3260 Iugurtham
307 3181 486 3248 mitteretur,
510 3198 635 3259 eumque
649 3178 818 3259 interposita
832 3178 890 3241 lide
904 3174 1024 3256 publiea
1037 3181 1096 3244 llo·
1108 3206 1129 3248 ns

122 3285 200 3326 mam
221 3266 357 3333 duceret,
390 3280 449 3341 que
476 3263 586 3325 labilius
617 3263 723 3326 indicio
747 3263 827 3339 repis
846 3261 949 3338 Scauri
974 3273 1004 3325 et
1027 3265 1097 3328 reli·

124 3368 261 3416 euerum,
288 3363 361 3426 quos
376 3347 521 3424 ¹pecuniae
544 3355 644 3424 captae
665 3344 870 3415 accersebant,
888 3344 992 3407 delleta
1011 3358 1097 3426 ,pate-

123 3434 235 3494 flerent.
