2378 3864
229 181 272 222 nn
294 181 398 223 annuo
420 179 624 225 ιιιιιιιιιιιιιο
648 181 676 224 c.
698 172 743 229 95.
763 174 806 230 96.
830 174 874 230 st.
1002 167 1041 229 et

58 347 169 409 magno
184 331 313 410 equitatu
328 332 358 391 in
374 336 469 391 castra
485 331 569 401 venit,
586 348 659 410 quos
675 332 717 392 uti
732 350 768 393 ex
784 332 865 394 Latio
882 340 911 394 et
925 352 941 394 a
956 335 1043 397 sociis

58 420 182 494 cogeret
205 413 316 475 Romae
338 413 457 475 relictus
477 421 548 475 erat.
593 415 644 476 Sat
668 416 805 494 queniam
820 434 875 478 nes
898 419 970 479 tanti
990 418 1070 483 viria

57 517 109 560 res
130 498 295 569 admonuit,
321 498 458 560 idoneum
478 499 572 560 visum
589 506 633 560 est
647 499 684 560 de
697 505 802 561 natura
822 499 959 580 cultuque
981 503 1043 564 eius

57 584 162 662 paucis
178 583 291 645 dicere:
311 600 407 662 neque
423 584 500 644 enim
515 582 572 643 alic
586 582 652 645 loce
668 583 705 645 de
721 582 819 644 Sullae
833 584 923 647 rebus
938 584 1044 647 dicturi

45 684 163 728 ‚summ
204 674 233 728 et
252 667 284 728 h.
310 667 448 736 Sisenna,
471 672 590 744 optume
612 673 641 728 et
663 665 891 745 diligentissume
913 672 1043 731 nmmum

56 754 109 831 qui
120 769 170 812 cas
181 769 230 814 ros
239 751 340 812 dlxerc
358 757 550 829 persecutus,
569 768 676 828 parum
696 751 767 812 mihi
781 750 874 814 libero
894 769 946 815 cre
962 753 1043 815 locu·

55 842 106 896 tus
123 835 249 899 videtur.

139 922 234 1000 Igitur
256 921 337 983 Sulla
359 925 457 1001 gentis
479 924 622 1000 patriciae
645 920 754 983 nobilis
783 922 839 982 luit
859 923 971 985 familia
992 925 1082 987 iamt

49 1023 150 1087 prope
173 1007 301 1067 extincta
330 1007 476 1068 maiorum
504 1007 634 1085 ignavia,
662 1004 769 1067 litteris
795 1005 916 1069 Graecis
945 1014 973 1068 et
995 1006 1050 1068 La·

45 1091 126 1153 tinIs
148 1090 228 1151 inita
244 1097 331 1168 atque
347 1090 519 1152 doctissumi
534 1090 682 1162 cruditus,
705 1090 804 1152 auimo
818 1091 945 1169 ingenti.
968 1092 1049 1171 cupi·

59 1173 117 1235 dus
135 1171 334 1250 voluptatum,
364 1177 409 1231 set
429 1170 539 1244 gloriae
561 1169 703 1249 cupidior,
722 1173 780 1231 otio
799 1171 948 1234 luxurioso
972 1192 1044 1245 esse,

58 1263 161 1318 tamen
179 1255 215 1316 ab
236 1256 360 1334 negotis
382 1271 543 1333 numquam
557 1253 689 1331 voluptas
704 1260 866 1324 remorata,
889 1257 944 1316 nisi
967 1260 1044 1336 quod

59 1340 98 1402 de
126 1356 219 1401 uxore
244 1341 338 1418 potuit
366 1339 517 1400 honestius
539 1335 676 1398 consuli:
699 1336 843 1399 facundus
869 1337 990 1401 callidus
1017 1349 1045 1401 et

59 1425 188 1485 amicitia
203 1423 308 1492 facilis,
332 1423 368 1483 ad
386 1421 549 1484 simulanda
563 1438 602 1483 ac
616 1422 835 1483 duatmetanda
848 1424 964 1499 negotia
981 1423 1044 1485 alti·

45 1508 154 1569 itudo
145 1509 244 1586 ingeni
258 1505 449 1568 incredibilis:
467 1505 626 1567 multarmn
640 1522 742 1567 rerum
756 1523 791 1567 ac
804 1524 941 1568 maxume
955 1525 1044 1585 pecu·
1179 1568 1185 1579 ,

59 1593 128 1653 niae
145 1592 276 1670 largitor.
311 1591 407 1671 Atque
421 1588 510 1659 illi‚s
496 1589 672 1652 felicissume
688 1590 819 1652 omnium
841 1597 908 1652 ante
931 1589 1071 1657 civiIemt

59 1676 227 1745 victoriam,
247 1692 407 1756 numquam
427 1691 517 1752 super
537 1673 709 1735 industriam
723 1672 841 1736 fortuna
860 1674 925 1744 luit,
947 1663 1043 1737 multi·

60 1778 120 1839 que
141 1759 310 1821 dubitavere
332 1759 436 1820 tortior
453 1777 491 1818 an
512 1757 625 1818 felicior
642 1764 733 1819 esset:
754 1776 823 1819 nam
846 1764 947 1858 postea
969 1777 1044 1838 quae

59 1845 175 1917 lecerit,
195 1845 339 1906 incertum
360 1842 465 1914 habeo,
489 1841 599 1921 pudeat
619 1859 657 1903 an
671 1842 770 1920 pigeat
783 1845 875 1925 magis
889 1843 1041 1908 disserere.

45 1949 51 1988 ι
145 1928 238 2005 Igitur
257 1927 353 1998 Sulla,
375 1929 418 1988 uti
439 1944 528 2004 supra
547 1926 657 1987 dictum
674 1931 731 1997 est,
751 1934 906 2009 postquam
922 1930 1041 1991 indi-ri
1030 1941 1094 2004 -96

59 2031 125 2074 cam
139 2014 272 2091 atquem
295 2018 390 2074 castra
410 2012 484 2072 llari
506 2028 575 2072 cum
596 2011 736 2108 equitatu
741 2013 832 2082 venit,
854 2012 937 2074 rudis
958 2019 1044 2075 antea

58 2104 89 2158 et
106 2099 228 2174 ignarus
241 2096 318 2166 belli,
335 2095 565 2157 sollertissumus
584 2094 714 2155 omnium
728 2095 759 2154 iu
773 2097 874 2172 paucis
889 2101 1043 2176 tempesta·

58 2180 139 2242 tibus
156 2181 251 2242 iactus
265 2189 318 2242 est.
356 2180 400 2241 hd
420 2180 478 2240 hcc
492 2176 597 2238 milites
618 2175 744 2255 henigne
761 2177 924 2257 adpellare:
946 2181 1067 2246 multisn

57 2264 248 2343 rogantibus,
261 2265 324 2326 aliis
336 2282 390 2344 per
405 2281 437 2323 sc
456 2265 519 2340 ipse
535 2262 605 2322 darc
619 2258 767 2332 benficia,
782 2263 888 2325 invitus
898 2266 1042 2344 accipere,

45 2357 105 2412 sset
133 2366 167 2410 ea
189 2351 396 2428 properantius
420 2364 508 2447 quam
530 2363 579 2406 aes
600 2351 736 2407 mutuum
756 2346 899 2416 reddere,
922 2350 985 2427 ipse
1006 2347 1042 2410 ab

58 2433 142 2495 nullo
167 2439 321 2512 repetere,
352 2433 473 2521 magis
466 2431 496 2492 id
514 2428 664 2498 laborare,
692 2436 726 2489 ut
746 2430 788 2491 illi
809 2448 896 2511 quam
915 2431 1044 2510 plurumi

53 2515 217 2582 deberent:
238 2521 303 2581 ioca
326 2526 415 2599 atque
429 2501 509 2580 serta
526 2534 594 2578 cum
609 2515 792 2579 humillumis
807 2534 910 2597 agere:
934 2520 965 2577 in
980 2536 1050 2595 ope·
1039 2529 1080 2580 -3

54 2604 157 2680 ribus,
181 2604 213 2664 ιιι
235 2605 352 2683 agmine
374 2610 462 2681 atque
485 2602 522 2663 ad
544 2601 657 2681 vigilias
677 2600 795 2664 multus
811 2602 929 2673 adesse,
952 2619 1050 2680 neque

54 2689 185 2759 interim,
209 2688 289 2766 qnod
306 2706 396 2767 prava
419 2688 539 2749 ambitio
555 2687 637 2758 solet,
662 2686 791 2748 cousuIIs
812 2695 863 2749 aut
877 2686 1050 2764 cuiusquam

54 2773 128 2835 boni
150 2773 258 2834 lamam
280 2773 413 2834 laedere:
444 2780 559 2835 tantum
581 2771 668 2833 medo
690 2790 786 2851 neque
801 2771 930 2844 ¹consilio
953 2789 1049 2851 neque

52 2876 146 2921 manu
168 2859 300 2938 priorem
322 2856 412 2919 alium
435 2860 509 2938 pati,
533 2856 691 2937 plerosque
714 2859 895 2920 antevenire.
939 2855 1078 2929 Quibust

52 2943 145 3004 rebus
161 2950 191 3003 ct
201 2941 315 3003 artibus
331 2941 413 3002 brevi
424 2942 517 3003 Marto
533 2941 734 3020 militibusque
747 2943 927 3004 carissumus
942 2942 1047 3003 Iactus.

142 3025 179 3086 ht
193 3026 344 3105 Iugurtha,
359 3033 515 3107 postquam
527 3027 666 3105 oppidum
679 3024 801 3104 Capsam
816 3029 945 3109 aliosque
960 3029 1040 3091 locos
1050 3030 1091 3091 97

56 3110 186 3170 munitos
201 3118 230 3171 et
251 3111 306 3172 sibi
326 3111 404 3173 utiIis
419 3111 505 3172 simul
522 3119 551 3172 et
570 3126 707 3187 maguam
723 3115 878 3188 paenulam
893 3115 1038 3183 amiserat,

56 3192 93 3252 ad
109 3191 260 3257 Bocchum
275 3198 392 3256 nuntios
409 3197 503 3266 misit,
520 3212 608 3273 quam
625 3194 753 3272 primum
767 3197 797 3256 in
808 3197 973 3259 Numidiam
989 3216 1038 3258 co·

56 3277 120 3353 pias
136 3279 307 3341 adduceret:
330 3280 423 3358 proeli
438 3279 565 3341 faciundi
586 3285 702 3355 tempus
717 3279 827 3341 adesse.
873 3281 966 3353 Quem
986 3280 1064 3341 uhia

56 3365 189 3424 cunctari
211 3365 323 3442 accepit
343 3372 372 3426 ct
394 3360 600 3427 dubiumbelli
622 3369 709 3440 atque
730 3364 811 3441 pacis
833 3364 959 3424 rationes
978 3370 1037 3425 tra·

54 3441 145 3518 here,
168 3465 287 3519 rursus,
310 3451 352 3509 uti
372 3457 471 3520 antea,
493 3464 653 3529 proxumos
687 3447 749 3508 eius
785 3445 868 3507 donis
890 3449 1036 3527 concupit,

123 3539 261 3599 Sanuusr.
865 3551 883 3610 7
