2378 3864
243 191 287 232 nn
309 189 481 234 carreman
504 185 746 234 contueremur
768 189 795 232 c.
817 179 860 236 17.
883 181 927 236 18.
1052 172 1072 233 9

90 338 198 407 voluit,
219 339 249 398 in
270 355 364 399 unum
388 355 482 400 omnrs
496 346 643 408 convocat,
665 337 772 419 quibus
793 354 929 399 maxuma
944 340 1071 400 necessi·

91 423 163 483 tudo
179 429 208 482 et
221 420 391 500 plurumum
408 421 546 483 audaciae
562 423 664 483 inerat.
692 422 735 482 llo
751 438 915 482 convenere
935 424 1098 485 senatoriis

92 504 204 566 ordinis
220 505 252 566 P.
271 504 413 566 Lentulus
426 504 517 574 Sura,
539 505 572 565 P.
589 506 761 576 Autronius,
785 505 817 565 L.
834 503 948 566 Cassius
964 505 1072 583 Longi·
1129 548 1133 557 .

91 606 164 659 nus,
183 589 218 649 C.
241 588 400 667 Cethegus,
422 587 455 648 P.
473 594 501 648 et
522 588 640 650 Servius
656 588 753 650 Sullae
774 589 856 650 Servi
870 587 934 658 filii,
952 588 984 648 L.
1001 587 1072 650 Var-

67 673 238 752 rguntcius,
252 670 286 742 Q.
301 672 421 741 hunius,
433 670 471 731 Μ.
483 671 607 734 Porcius
616 672 719 742 Laeca,
732 673 764 733 L.
780 672 886 740 Bestia,
902 671 937 743 Q.
950 671 1071 733 Curius:

89 763 245 834 praeterea
263 773 300 816 ex
321 756 451 835 equestri
472 755 574 816 ordine
595 755 633 816 Μ.
656 755 774 817 Fulvius
788 754 935 824 Nobilior,
957 755 989 815 L.
1007 755 1100 816 Sta-a

90 839 179 909 tilius,
192 838 225 899 P.
248 838 389 900 Gabinius
409 838 525 917 Capito,
548 840 584 900 C.
607 838 775 900 Cornelius:
798 839 835 899 ad
853 837 912 898 hoc
929 838 1012 899 multi
1035 856 1071 899 ex

91 921 213 984 coloniis
228 929 258 983 ct
274 923 447 1001 municipiis,
470 922 548 983 domi
562 922 685 984 nobiles.
699 942 706 962 =
720 922 811 983 Erant
831 928 986 1002 praeterea
1001 934 1098 986 con-5
1141 991 1148 1006 ,

89 1005 192 1084 plures
211 1004 299 1084 paulo
322 1004 464 1067 occultius
492 1005 595 1067 consili
620 1007 742 1068 huiusce
763 1007 921 1084 participes
946 1005 1069 1076 nobiles,

54 1106 167 1168 roquos
186 1091 279 1168 magis
300 1089 504 1151 dominationis
520 1107 587 1168 spes
605 1089 778 1152 hortabatur
796 1106 884 1169 quam
903 1089 1001 1167 inopia
1022 1097 1095 1150 aut=

89 1171 146 1234 aha
164 1170 364 1235 necessitudo.
393 1172 529 1234 Ceterum
544 1175 678 1235 iuventus
694 1173 849 1254 pleraque,
871 1181 916 1234 eet
934 1179 1097 1234 manumet

89 1255 250 1327 nobilium,
274 1255 412 1338 Catilinae
426 1257 550 1334 inceptis
563 1257 693 1318 larebat:
708 1256 815 1336 quihus
830 1257 861 1316 in
876 1256 935 1317 otio
949 1255 995 1318 vel
1008 1275 1070 1317 ma·

90 1340 197 1419 gnifice
210 1340 256 1402 vel
271 1339 398 1401 molliter
411 1340 509 1401 vivere
524 1341 607 1421 copia
618 1347 689 1426 erat,
701 1342 812 1401 incerta
826 1357 881 1418 pro
894 1341 990 1408 certis,
1007 1339 1071 1401 hel·

90 1423 154 1486 lum
174 1443 261 1504 quarn
276 1441 379 1502 pacem
400 1422 555 1484 malebant.
589 1425 685 1485 Fuere
701 1425 771 1484 item
785 1442 819 1485 ea
832 1429 1003 1501 tempestate
1021 1423 1097 1502 quit

53 1527 80 1570 ro
91 1507 247 1570 crederent
267 1506 305 1568 Μ.
329 1507 472 1568 Licinium
494 1506 631 1568 Crassum
648 1524 709 1568 non
726 1507 863 1584 ignarum
885 1506 947 1567 eius
969 1505 1072 1568 consili

90 1592 196 1652 fuisse:
212 1592 279 1670 quia
294 1591 347 1651 Gn.
365 1591 531 1670 Pompeius,
547 1592 657 1652 invisus
673 1590 737 1668 ipsi,
754 1607 894 1669 magnum
911 1591 1071 1651 exercitum

91 1674 238 1745 ductabat,
254 1676 381 1737 cuiusvis
397 1692 467 1755 opes
480 1673 606 1737 voluisse
621 1681 724 1735 contra
740 1672 816 1734 illius
831 1674 991 1752 potentiam
1006 1691 1070 1734 cre·

90 1776 192 1828 scere,
215 1757 302 1820 simul
317 1758 474 1829 conlisum,
496 1759 521 1820 si
539 1759 700 1820 coniuratio
715 1756 866 1828 valuisset,
887 1755 971 1818 facile
993 1757 1071 1836 apud

90 1840 156 1902 illos
170 1843 335 1922 principem
351 1859 383 1903 se
400 1841 472 1903 sore.

53 1947 81 1988 ao
177 1925 229 1987 Set
250 1933 335 1987 antea
356 1926 425 1986 item
448 1925 637 1987 coniuravere
659 1925 745 2004 pauci
766 1932 867 1985 contra
889 1942 953 1987 rem
973 1917 1121 2002 publi-18

90 2026 165 2079 cam,
178 2010 208 2069 in
221 2009 326 2087 quibus
338 2008 457 2070 Catilina
467 2009 536 2071 luit:
554 2010 590 2070 dc
603 2025 660 2088 qua
685 2025 772 2088 quam
783 2008 943 2070 verissume
957 2015 1061 2087 potero

91 2093 195 2154 dicam.
214 2091 248 2154 t.
260 2091 345 2154 'lullo
358 2090 416 2172 let]
429 2091 466 2154 Μ’
477 2092 589 2171 Lepido
600 2091 771 2155 consulibus
781 2091 814 2152 P.
826 2093 987 2153 Autronius
1000 2101 1028 2153 et
1038 2091 1071 2153 P.
1082 2100 1099 2149 2

91 2174 182 2245 Sulla,
197 2176 339 2253 designati
353 2175 496 2245 consules,
512 2173 626 2252 legibus
641 2173 766 2235 ambitus
780 2173 951 2252 interrogati
961 2191 1073 2253 poenas

90 2260 242 2320 dederant.
281 2259 351 2319 Post
373 2257 460 2336 paulo
483 2257 603 2319 Catilina
633 2258 825 2337 pecuniarum
841 2257 1100 2335 repetundarumt

53 2359 160 2404 aereus
198 2341 363 2418 prohibitus
388 2347 451 2401 erat
475 2339 656 2402 consulatum
673 2348 775 2418 petere
800 2339 893 2419 [quod
907 2343 983 2403 intra
999 2340 1071 2416 legi·

90 2439 190 2492 tumos
219 2427 282 2488 dies
308 2428 441 2505 profiteri
468 2425 658 2504 neqniveritj.
708 2425 780 2486 Erat
809 2425 914 2485 eodem
944 2429 1106 2500 temperet

92 2513 150 2574 Cn.
172 2510 254 2581 Piso,
283 2509 456 2572 adulescens
482 2505 606 2576 nobilis,
635 2524 767 2568 summae
794 2508 946 2574 audaciae,
975 2521 1076 2582 egens,

92 2595 240 2662 iactiosus,
253 2609 341 2671 quem
352 2591 388 2652 ad
400 2588 631 2669 perturbandam
642 2586 864 2665 rempublicam
877 2585 975 2663 inopia
985 2597 1073 2664 atque

93 2678 163 2740 mali
184 2692 283 2738 mores
304 2672 500 2736 stimulabant.
550 2671 623 2734 Cum
645 2672 702 2732 hoc
725 2668 844 2732 Catilina
866 2676 895 2731 et
915 2669 1100 2732 Autroniusn

57 2763 210 2828 eccircitcr
225 2759 325 2821 Nonas
338 2757 508 2820 Decembris
522 2755 641 2818 consilio
658 2754 862 2816 conmunicato
878 2752 1022 2833 parabant
1042 2754 1073 2812 in

93 2843 234 2923 Capitolio
249 2841 386 2904 Kalendis
400 2841 542 2903 Ianuariis
552 2840 584 2901 L.
597 2837 710 2900 Cottam
726 2845 755 2899 et
765 2838 797 2898 L.
810 2837 992 2917 Torquatum
1004 2853 1073 2899 con·

93 2928 172 2989 sides
188 2927 369 2996 interlicere,
385 2926 441 3004 ipsi
455 2924 581 2986 fascibus
597 2923 744 3001 comcptis
758 2921 894 2982 Pisonem
911 2939 979 2982 cum
990 2937 1074 2982 exer·

96 3013 155 3072 citu
176 3012 213 3071 ad
233 3010 409 3088 optinendas
429 3010 502 3070 duas
523 3007 676 3086 Hispanias
696 3005 822 3067 mittere.
845 3002 955 3039 *****
977 3004 1019 3065 Ea
1041 3014 1101 3065 ree

95 3096 210 3172 cognita
229 3110 332 3154 rursm
349 3093 379 3152 in
396 3093 494 3154 Nonas
508 3091 684 3153 Februarias
701 3087 854 3151 consilium
868 3088 964 3150 caedis
981 3094 1074 3148 trans·

58 3177 231 3240 attulerant.
276 3177 338 3238 lam
357 3183 421 3237 tum
447 3192 508 3235 non
538 3174 704 3236 consulibus
726 3172 829 3243 modo,
858 3178 903 3233 sot
926 3169 1100 3249 plerisquet

94 3260 280 3323 senatoribus
288 3259 452 3341 pernicicm
461 3257 712 3319 machinabantur.
736 3254 820 3326 Quod
834 3257 866 3317 ni
880 3252 999 3316 Catilina
1013 3263 1103 3314 ma·8

94 3352 223 3407 turassct
242 3362 297 3424 pro
321 3344 403 3405 curia
425 3343 541 3420 signum
558 3340 645 3402 sociis
664 3341 748 3408 dare,
772 3357 806 3400 eo
824 3339 870 3400 die
887 3344 954 3416 post
976 3335 1075 3398 condi-
1175 3404 1179 3411 ,

95 3437 155 3492 tam
166 3428 272 3491 urbem
287 3425 411 3488 Romam
422 3442 593 3505 pessumum
604 3424 717 3487 lacinus
730 3428 878 3502 patratum
893 3421 979 3482 toret.
1001 3419 1074 3490 Quia
