2378 3864
264 184 306 226 nn
328 183 430 227 nunno
454 183 655 229 nevernum
680 185 707 229 ο.
729 179 772 234 89.
792 179 842 236 90:
860 181 903 236 91.
1038 175 1078 237 93

108 413 114 423 ί
180 333 251 395 Erat
264 336 341 396 inter
355 335 481 414 ingentis
495 332 664 396 solitudines
680 335 819 414 oppidum
837 353 977 416 maguum
991 349 1104 422 atquet

90 419 210 500 ,valeam
229 420 349 481 nomine
367 417 473 497 Capsa,
497 420 579 480 cuius
601 419 734 480 conditor
748 420 890 482 Hercules
905 421 995 485 libus
1015 444 1078 489 me·

93 503 276 566 morabatur.
304 503 375 564 Eius
390 503 469 564 cives
483 502 561 580 apud
578 502 751 580 Iugurtham
764 506 909 577 inmunes,
923 506 1077 588 leviimpe·

93 592 140 651 rio
180 595 210 650 et
224 587 262 649 ob
277 606 315 650 ea
327 585 498 650 fidelissumi
511 585 706 659 habebantur,
727 591 831 651 muniti
852 591 1009 654 advorsum
1023 594 1077 654 ho·

69 676 146 738 ostis
166 688 228 734 non
241 672 397 735 moenibus
411 672 499 734 modo
515 677 545 733 et
558 673 647 734 armis
664 679 752 752 atque
770 675 854 746 rhie,
874 693 976 738 verum
991 678 1078 739 etiam

90 756 187 819 multo
202 758 295 834 magis
308 756 444 819 locorum
458 757 622 838 asperitate.
661 755 736 818 Nam
750 767 868 838 praeter
882 761 991 839 oppido
1008 773 1105 840 pro-5

91 844 204 921 pirique
216 840 272 903 aha
290 841 387 903 omnia
403 847 492 912 vasta,
513 839 631 912 inculta,
647 842 761 918 egentia
774 860 877 924 aquae,
896 845 999 907 infesta
1015 863 1077 906 ser·

90 925 247 1006 pentibus,
271 943 397 1005 quarum
416 928 475 998 ris,
496 927 581 988 sicuti
602 926 733 988 ominum
752 925 883 989 ferarum
904 929 1002 1009 inopia
1020 929 1078 991 cibi

91 1011 201 1080 acrior,
215 1010 251 1071 ad
262 1009 320 1071 hoc
331 1008 450 1090 [natura
461 1011 651 1089 serpentium,
666 1011 729 1088 ipsa
743 1011 916 1094 pernitiosa]
927 1015 975 1075 siti
984 1015 1077 1091 magis

54 1112 184 1175 requam
201 1093 255 1155 aha
278 1111 313 1154 re
334 1093 515 1155 adcenditur.
558 1094 629 1156 liius
648 1095 782 1173 potiundi
799 1095 923 1158 Marium
941 1107 1104 1160 maximat

91 1179 200 1258 cupido
222 1181 381 1246 invaserat,
405 1195 473 1239 cum
491 1184 613 1258 propter
635 1195 722 1239 usum
742 1178 827 1249 belli,
856 1186 920 1242 tum
940 1183 1008 1262 quia
1027 1195 1077 1244 res

91 1280 198 1342 aspera
211 1261 365 1323 videbatur
379 1268 408 1324 ct
421 1260 554 1324 Metellus
568 1263 708 1341 oppidum
724 1261 846 1324 'lbalam
861 1276 967 1343 magna
983 1264 1077 1342 gloria
1108 1283 1111 1289 ·

91 1354 221 1425 ceperat,
235 1346 308 1408 baut
320 1344 497 1408 dissimiliter
508 1348 596 1408 situm
607 1348 819 1425 munitumque,
835 1349 890 1408 nisi
903 1348 983 1428 qued
998 1350 1077 1426 apud

90 1431 215 1492 Thalam
228 1447 288 1491 non
302 1429 390 1509 longe
404 1447 421 1490 a
436 1431 590 1492 moenibus
606 1429 715 1509 aliquot
729 1429 825 1492 fontes
839 1437 933 1503 erant,
949 1431 1075 1510 Capren-
1132 1449 1135 1456 ·

54 1533 141 1584 maes
167 1532 224 1576 una
248 1514 338 1576 modo
367 1521 455 1593 atque
474 1531 509 1576 ea
530 1516 606 1576 intra
626 1514 769 1592 oppidum
791 1515 851 1593 iugi
872 1533 957 1594 aqua,
974 1523 1076 1578 cetera

91 1599 190 1680 pluria
205 1598 373 1661 utebantur.
402 1599 435 1660 ld
451 1598 549 1678 ibique
571 1606 601 1661 et
622 1599 652 1660 in
673 1599 752 1660 omni
768 1597 875 1670 Africa,
892 1617 950 1679 qua
970 1601 1100 1679 procule

91 1702 109 1746 a
124 1685 199 1745 mari
213 1682 351 1745 incultius
365 1682 517 1761 agebatur,
540 1702 575 1744 eo
598 1682 711 1744 ieelim
726 1681 915 1754 tolerabatur,
934 1685 1002 1764 quia
1015 1683 1076 1745 Nu·

90 1767 190 1830 midae
201 1768 377 1848 plerumque
388 1767 464 1829 lacte
477 1773 507 1829 el
520 1768 613 1829 lerina
629 1784 719 1829 carne
729 1766 923 1830 vescebantur
937 1775 967 1830 et
980 1786 1077 1846 neque

90 1852 184 1914 salem
196 1870 294 1931 neque
310 1851 365 1914 aba
380 1853 565 1914 inritamenta
579 1851 666 1929 gulae
677 1850 873 1932 quaerebant:
912 1851 997 1914 cibus
1016 1851 1099 1913 illisu

53 1937 235 2002 aoadvorsue
255 1937 362 1998 tamem
384 1942 471 2016 atque
493 1938 579 2007 sitim,
601 1953 661 1997 non
679 1936 802 2000 lubidini
822 1954 920 2018 neque
942 1935 1076 1998 luxuriae

90 2029 164 2086 erat.
200 2021 293 2099 Igitur
307 2021 410 2087 consul
428 2020 565 2082 omnibus
582 2021 753 2100 exploratis,
775 2022 865 2084 credo
885 2021 947 2083 den
971 2021 1073 2088 fretas,
1085 2010 1124 2071 9⁰

92 2139 130 2152 -
153 2123 221 2167 nam
244 2111 346 2167 contra
365 2112 461 2166 tantas
481 2104 665 2166 difficultates
687 2106 806 2166 consilio
829 2108 899 2166 satis
920 2103 1076 2182 providere

88 2207 151 2252 non
162 2196 291 2269 poterat:
308 2190 415 2268 quippo
430 2191 517 2250 etiam
528 2189 668 2250 humenti
678 2191 775 2267 inopia
790 2188 997 2267 temptabatur,
1008 2187 1075 2267 quia

89 2274 235 2336 Numidae
250 2273 359 2352 pabulo
376 2274 492 2350 pecoris
507 2274 600 2351 magis
616 2290 704 2351 quam
719 2291 789 2334 arro
804 2272 969 2350 studentot
983 2271 1075 2352 quod·

53 2374 219 2438 arcumque
237 2363 338 2419 natum
360 2358 456 2418 luerat
473 2359 554 2417 iussu
573 2357 653 2433 regis
676 2358 706 2416 in
725 2356 793 2418 loca
812 2358 923 2418 mnnita
945 2354 1075 2418 contule·

89 2448 172 2512 rant,
196 2459 267 2520 ager
289 2448 386 2503 autem
407 2441 507 2502 aridus
521 2447 556 2501 et
574 2439 694 2516 lrugum
708 2458 817 2503 vacuos
832 2459 866 2501 ea
885 2446 1074 2518 tempestate:

89 2545 160 2588 nam
176 2528 292 2588 aestatis
315 2533 478 2587 extremum
501 2531 565 2585 erat
588 2557 624 2568 -
645 2530 743 2585 umen
763 2541 818 2602 pro
839 2524 884 2584 rei
904 2524 987 2602 copia
1006 2523 1075 2584 satis

90 2611 280 2689 providenter
297 2618 433 2671 exornat:
449 2626 540 2688 pecus
556 2624 652 2677 omne,
666 2607 744 2688 qnod
755 2606 958 2685 superioribus
971 2606 1075 2669 diebus
1085 2637 1100 2663 a

89 2695 219 2774 praedae
238 2694 344 2764 luerat,
368 2693 515 2773 equitibus
532 2691 688 2754 auxiliariis
708 2693 854 2770 agundum
873 2690 1021 2759 adtribuit,
1040 2692 1074 2751 A.

54 2778 230 2842 oohlanlium
255 2778 385 2856 legatum
412 2797 479 2841 cum
508 2775 679 2838 cohortibus
701 2776 843 2855 expeditis
874 2777 911 2838 nd
936 2774 1076 2856 oppidum

88 2864 188 2934 Laris,
216 2861 269 2924 ubi
286 2864 464 2943 stipendium
487 2869 516 2923 et
532 2867 717 2923 conmeatum
736 2859 898 2930 locaverat,
919 2861 963 2923 ira
984 2859 1074 2928 iubet,

90 2949 220 3028 dicitque
231 2964 263 3009 se
274 2947 517 3026 praedabundum
526 2951 595 3026 post
603 2961 714 3024 paucos
723 2944 898 3008 meseonem
906 2951 1074 3007 venturum.

89 3033 140 3094 Sic
151 3033 268 3110 incepto
283 3048 336 3092 suo
351 3030 495 3093 occultato
505 3029 603 3110 pergit
613 3029 650 3090 ad
660 3028 771 3091 llumen
781 3027 901 3092 lanam.
934 3028 1074 3090 'Ceterum
1084 3027 1120 3088 91

89 3119 121 3178 in
142 3117 248 3178 itinere
270 3115 375 3177 cotidie
395 3131 489 3193 pecus
504 3113 645 3175 exercitui
660 3131 715 3193 per
737 3115 898 3185 centuriae,
921 3115 990 3175 item
1011 3118 1074 3170 tur·

55 3215 155 3265 eomas
178 3198 338 3280 aequahter
360 3198 565 3267 distrrbucrat,
589 3204 619 3258 et
641 3215 677 3258 ex
708 3199 795 3260 coriis
810 3206 892 3260 utres
913 3197 956 3258 uti
970 3195 1076 3255 herent

92 3283 229 3347 curabat:
251 3283 485 3362 simulinopiam
500 3281 643 3343 frumenti
658 3279 751 3344 lenire
768 3291 797 3345 et
815 3284 924 3360 ignaris
940 3277 1075 3339 omnibus

90 3387 215 3448 parare,
234 3380 309 3447 quae
326 3384 395 3429 mox
413 3380 470 3430 utu
487 3365 600 3427 forent:
623 3363 748 3447 denique
767 3376 849 3429 sexto
868 3365 929 3436 dia,
950 3380 1017 3424 cum
1039 3363 1075 3426 ed

92 3453 203 3516 humen
224 3457 345 3513 rentum
366 3460 424 3523 est,
439 3466 576 3513 ntaxuma
589 3449 632 3510 rin
647 3453 757 3513 utrium
772 3451 884 3516 ellectu.
917 3449 960 3511 lbi
974 3448 1102 3508 canusa
