2378 3864
75 179 121 220 111
475 174 660 218 numento.

76 291 155 342 nihilo
173 290 305 342 adnotato.
340 287 407 339 llum
423 290 503 354 igitur
518 291 546 339 in
564 291 683 341 omuibus
704 291 834 342 codicibus
852 293 945 343 abesse
961 294 1063 344 credatu

76 374 158 424 angor
175 366 200 408 ct
216 357 357 408 excrucior.
377 383 412 394 -
432 358 475 417 89,
486 358 509 408 h.
523 365 633 421 practer
653 360 749 423 oppido
769 356 929 427 propinqua]
956 369 1064 425 praeter

77 429 175 491 oppido
190 429 335 491 propinqua
351 423 372 476 1.
401 422 468 473 Num
488 425 530 486 id,
556 424 627 487 qnod
649 440 682 474 ex
703 426 793 491 paucis
816 429 905 489 eisque
927 427 1063 480 deterioria

77 504 152 544 notae
168 492 239 543 libris
256 492 376 550 innotuit,
395 493 471 540 etiarn
489 492 515 540 in
532 488 573 541 Po
589 493 713 557 scriptum
731 494 765 542 sit
781 493 897 544 dubitare
914 509 956 545 me
973 495 1064 549 iateor.

76 586 110 596 -
126 561 222 611 ibidem
238 559 314 609 verba
331 561 588 624 natmoserpentinas
604 561 664 623 ipsa
671 562 820 624 perniciosa
832 563 902 610 omni
914 565 1065 628 suspicione

76 643 161 678 carere
177 638 206 678 ut
222 627 368 685 iudicarem,
387 626 501 676 nondum
518 626 611 675 adduci
642 627 705 678 otni.
718 653 751 664 ·-
768 629 810 687 89,
823 631 847 679 7.
865 646 916 695 qna
926 657 960 666 -
972 631 1065 696 opeda·

75 702 118 746 tur
136 711 168 745 cx
185 694 288 744 Ualeri
306 689 371 808 emp
387 709 452 759 qaas
464 720 496 730 -
508 642 640 758 apodas?
661 720 696 731 -
717 695 750 744 ib.
774 698 825 746 iilis
842 697 898 746 sine
915 699 990 746 uncis
1009 698 1064 749 al.

75 789 109 799 -
126 766 169 828 91,
182 764 206 813 l.
226 755 328 827 [anteJ]
373 761 414 810 ine
435 761 509 810 uncis
526 761 546 812 Ι.
581 760 643 810 Mihi
665 761 816 826 glossatoris
838 777 942 812 manum
967 765 1066 815 videtur

76 829 152 880 olere.
170 853 203 865 -
220 829 288 887 ⁹21
306 837 331 876 et
348 831 364 878 9
381 828 452 890 quod
469 828 572 877 lacunas
591 828 622 877 ab
636 828 657 881 l.
675 830 758 894 signis
776 830 886 881 indicata
904 831 1007 896 explevi
1025 847 1064 882 me

76 911 127 947 non
144 896 266 961 paenitet
283 921 316 931 -
334 896 376 954 93,
389 896 415 946 b.
432 897 513 945 mnis
528 912 546 945 a
562 894 666 960 natura]
684 899 763 948 omnis
779 905 872 948 natura
888 898 918 958 L,
937 908 977 948 set
994 915 1064 949 com-

75 973 214 1013 memorata
231 976 288 1012 mea
305 963 457 1012 coniectura.
474 987 507 998 -
525 965 567 1026 99,
580 965 604 1014 7.
619 966 692 1020 satis,
709 980 749 1014 ma
799 964 809 1029 ]
826 967 891 1015 sctis
902 972 928 1015 et
939 983 1032 1032 mapsa
1044 967 1063 1018 l.

74 1054 109 1068 -
125 1030 160 1081 ib.
179 1030 340 1095 timidaeque
363 1023 402 1096 [et
418 1033 476 1080 aliis
496 1027 732 1148 machinationibus&
773 1033 934 1097 turribusque
957 1042 983 1083 et
1006 1037 1065 1085 altis

74 1097 298 1149 machinationibus
313 1098 334 1149 Ι.
367 1097 397 1146 ln
414 1097 470 1148 loco
487 1099 658 1163 apertinenme
674 1107 716 1148 tur
732 1110 775 1149 ato
797 1115 880 1162 neque
899 1108 928 1149 nt
945 1108 971 1150 et
994 1102 1065 1164 qnod

75 1167 101 1214 in
118 1165 248 1215 codicibus
266 1164 331 1214 inleo
350 1164 439 1215 ordine
455 1167 570 1231 positum
581 1176 629 1230 est,
648 1167 795 1232 reciperem,
814 1181 896 1229 neque
913 1178 941 1216 ut
959 1171 1064 1219 staltis

75 1231 114 1282 vel
131 1234 190 1284 aliis
211 1232 434 1283 machinationibus
460 1247 512 1282 non
534 1243 653 1298 suspecta
675 1233 794 1284 haberem
816 1236 959 1300 permoveri
980 1239 1062 1300 potui.

74 1299 174 1349 Etenim
191 1309 291 1364 praeter
308 1301 386 1350 turris
403 1310 429 1351 et
445 1315 554 1366 aggeres
572 1316 638 1364 quaa
649 1312 710 1352 eunt
720 1302 786 1351 altae
796 1301 1018 1352 machinationes?
1041 1313 1065 1353 et

74 1367 132 1418 aliis
150 1366 276 1417 machinis
299 1378 327 1416 ut
348 1368 443 1428 vineis,
467 1369 584 1431 quamvis
606 1383 663 1418 cunr
686 1369 798 1434 periculo
816 1377 968 1434 agerentur,
990 1369 1063 1420 locus

74 1444 159 1486 tamen
176 1449 228 1486 non
264 1449 352 1485 roreus
364 1434 413 1485 init
429 1437 592 1502 inportunus.
604 1462 639 1475 -·
656 1439 698 1495 93,
710 1437 735 1486 3.
753 1433 878 1499 avorsum]
896 1439 1033 1488 advorsum
1043 1439 1063 1492 l.

74 1502 138 1552 lllnd
152 1518 194 1553 res
212 1450 275 1552 miii
292 1502 423 1567 postulare
440 1505 505 1557 risa.
516 1530 548 1540 -
567 1505 639 1563 934.
656 1505 752 1569 inflexa
769 1519 791 1552 c.
804 1500 834 1568 1.]
852 1505 932 1568 fiexa.
950 1529 985 1541 -
1002 1505 1062 1554 ibid.

74 1573 100 1620 in
110 1571 211 1621 castelli
223 1571 354 1635 planitiem
368 1574 487 1635 persenit
503 1586 525 1620 c.
538 1569 569 1633 L]
587 1573 686 1620 castelli
694 1573 822 1633 planitiem
831 1577 1021 1634 perscrutatur.
1031 1597 1062 1610 -·

74 1640 116 1698 93,
129 1639 152 1689 b.
171 1639 228 1687 usai
244 1653 267 1686 o.
278 1635 309 1700 L]
326 1653 381 1690 aaa.
412 1635 457 1686 Set
473 1646 565 1701 postea
582 1639 739 1700 escenderat,
759 1646 787 1686 nt
803 1637 901 1687 adrem
913 1637 1062 1703 significan-

74 1707 133 1764 tius,
150 1719 199 1768 pro
211 1704 490 1753 adscenderatretinni.
502 1729 536 1741 -
553 1705 595 1762 93,
605 1705 629 1754 8.
643 1702 768 1762 Quoniam
780 1719 846 1767 quae
857 1715 932 1754 antea
943 1707 1063 1756 addnnds

73 1785 223 1821 censueram
239 1772 329 1821 milites
343 1786 441 1835 paucos
457 1775 484 1821 et
496 1785 563 1820 nune
575 1771 678 1832 quidem
690 1772 775 1821 minus
786 1772 929 1837 placebant,
948 1786 995 1822 nec
1004 1787 1062 1823 vero

74 1852 124 1901 quo
143 1839 267 1888 londanus
284 1839 368 1887 locum
386 1837 512 1888 facillume
530 1838 615 1888 sanari
637 1839 773 1888 arbitratus
791 1849 838 1900 est,
866 1853 917 1889 una
937 1840 1062 1904 particula

73 1912 100 1956 et
115 1906 277 1972 interposite,
295 1905 357 1955 eatis
375 1904 492 1965 faciebat,
510 1904 615 1954 lacunae
632 1907 708 1970 signa
725 1907 877 1972 adpinxisse
894 1907 958 1956 satis
976 1907 1062 1956 habui.

73 1971 254 2037 Suspiciones,
280 1987 345 2036 quas
366 1973 399 2023 de
420 1975 446 2023 st
465 1986 645 2037 conceperam,
669 1973 753 2022 omisi.
774 1998 807 2009 -
831 1975 912 2034 94,1.
934 1976 1065 2025 escensuri

73 2048 148 2090 mant
164 2055 197 2090 ex
215 2039 343 2091 Carrionis
361 2037 471 2103 emend}
493 2055 508 2090 e
524 2041 645 2090 centuriis
666 2049 741 2090 eram
758 2041 777 2090 1.
800 2055 857 2089 cum
880 2040 965 2102 libris,
993 2042 1064 2105 quod

73 2109 165 2170 quihus
189 2107 347 2172 argumentis
368 2107 396 2156 in
413 2106 520 2156 Hermae
536 2106 610 2156 roll
631 2106 768 2160 defendere
789 2118 896 2156 conatus
920 2117 972 2170 est,
1000 2109 1063 2158 mihi

73 2189 125 2225 non
142 2175 280 2240 persuasit.
299 2199 329 2212 -
348 2175 390 2233 94,
404 2177 427 2224 3.
451 2180 529 2223 costra
545 2175 632 2225 mneos
653 2189 771 2238 epnessns
788 2189 810 2223 c.
823 2170 855 2241 L]
881 2182 959 2224 extra
976 2178 1063 2226 vinens

73 2250 113 2294 est
128 2257 253 2307 epresmn
269 2266 304 2278 -
327 2242 369 2302 96,
381 2243 406 2290 9.
424 2243 473 2290 iam
486 2256 572 2304 prope
589 2255 612 2292 o.
625 2235 659 2306 l.]
680 2255 766 2305 prope
784 2243 841 2290 iam.
858 2266 892 2276 -
911 2241 1020 2293 Graecis
1037 2251 1063 2293 et

72 2310 175 2359 Latinis
191 2303 258 2374 c.1.]
278 2307 384 2357 Graecis
400 2315 477 2372 atque
494 2308 605 2362 Latinis.
624 2332 657 2344 -·
674 2309 820 2359 doctissumi
836 2321 868 2357 ex
886 2309 991 2374 egregia
1009 2311 1062 2358 lor·

71 2376 133 2426 dani
150 2376 293 2425 coniectura
330 2375 488 2425 doctisssime.
522 2375 557 2424 At
577 2384 668 2440 postca
694 2375 728 2425 ad
748 2377 889 2426 simulanda
914 2378 1061 2426 addendum

72 2457 130 2493 esec
146 2457 179 2492 ac
195 2443 236 2492 dis
254 2443 260 2455 '
307 2442 377 2492 ακάα
388 2442 451 2491 mihi
463 2442 601 2492 etiamnum
613 2442 701 2506 videri,
714 2445 831 2506 quamvis
844 2443 953 2493 iortasea
964 2445 990 2492 in
1002 2460 1061 2509 per-

72 2510 180 2559 tinaciae
196 2510 291 2558 crimen
308 2509 445 2574 incurram,
464 2524 516 2559 non
527 2509 671 2560 dissimulo.
687 2537 721 2547 -
738 2513 818 2569 97,1.
836 2513 902 2561 misit
919 2526 941 2559 c.
955 2507 986 2576 l.]
1005 2517 1061 2561 mit·

71 2580 111 2632 tit.
129 2601 163 2614 -
179 2579 221 2636 97,
234 2578 259 2626 2.
276 2579 330 2628 cias
347 2592 370 2629 c.
382 2573 415 2642 l.]
441 2574 529 2643 [εἰπε]
551 2603 583 2615 -
610 2579 651 2640 97,
664 2579 689 2628 ὅ.
707 2581 804 2644 equites
824 2579 974 2643 peditesque
992 2593 1014 2628 c.
1026 2579 1045 2627 1.

72 2645 168 2710 equites
182 2646 292 2709 pedites.
310 2670 343 2680 -
360 2645 394 2694 ib.
412 2647 521 2695 caedere
533 2646 585 2708 ciii,
603 2647 649 2694 aiii
665 2645 814 2696 obtruncari
830 2659 878 2711 ego
896 2659 952 2694 meo
965 2644 1046 2694 Marte

71 2713 163 2762 cedere
180 2713 244 2762 saus
260 2715 325 2762 albat
342 2711 493 2763 obtruncare
505 2713 524 2764 Ι.
549 2711 610 2760 Mox
626 2714 697 2763 multi
708 2713 778 2775 quod
790 2727 838 2778 ego
851 2713 1059 2774 coniectavernm‚

72 2779 190 2844 probavit
205 2780 225 2832 Ι.
253 2778 337 2829 Verba
354 2786 381 2830 et
395 2780 427 2830 ol>
444 2781 602 2830 sancientes
619 2794 693 2829 nemo
710 2781 747 2830 ita
764 2779 878 2831 defendit
888 2788 916 2829 nt
927 2778 989 2828 mihi
1003 2778 1060 2829 Sal-

72 2846 132 2896 lusti
149 2861 207 2896 essc
228 2847 400 2911 persuaderet.
418 2872 452 2884 -
473 2846 508 2897 ib.
530 2846 600 2898 orbis
618 2844 719 2914 fecere]
743 2848 812 2898 orbis
831 2846 921 2909 facere
938 2845 959 2897 l.
993 2846 1058 2897 lilnd

73 2914 171 2978 optumi
188 2913 254 2964 libri.
270 2939 304 2950 -
321 2916 401 2974 99,1.
419 2929 451 2965 ac
467 2915 544 2977 ponto
561 2929 584 2963 e.
596 2912 630 2978 1.]
646 2922 673 2966 et
687 2919 773 2979 paulo.
797 2937 830 2951 -
857 2915 899 2973 99,
912 2915 938 2967 3.
955 2916 1058 2965 tumultu

71 2981 208 3041 formidine
225 2978 313 3048 qaod]
333 2985 436 3032 tumultu
451 2983 588 3045 formidine
601 2975 728 3048 [arrone]
742 2983 823 3049 qnasi
833 3008 865 3019 -
883 2982 970 3040 100,4.
989 2984 1058 3046 equi·

73 3056 112 3099 tes
128 3064 165 3100 ec
185 3045 344 3116 maniliariis]
367 3051 465 3115 equites
487 3051 640 3100 auxiliarios
656 3050 676 3102 l.
710 3050 752 3100 Ad
773 3049 836 3100 illud
857 3049 920 3098 mihi
941 3046 1057 3097 codicum

72 3117 181 3181 vestigia
197 3116 290 3166 ducere
306 3116 431 3167 videntur.
466 3114 550 3167 Semel
566 3126 692 3183 conrupta
707 3117 885 3167 terminatione
902 3119 924 3166 is
941 3116 967 3164 in
985 3129 1015 3166 os
1032 3116 1057 3164 in

72 3192 193 3249 promptu
209 3183 259 3234 luit
274 3186 427 3235 semitonios
448 3199 552 3236 novare.
589 3185 760 3235 variationem
782 3184 906 3235 orationis
928 3182 976 3233 hoc
997 3197 1057 3232 con-

72 3251 191 3302 mendare
216 3265 267 3301 nou
293 3251 398 3303 iniltior.
416 3277 451 3289 -
471 3252 506 3303 ib.
532 3253 559 3303 in
579 3254 734 3303 inanimentis
754 3251 818 3302 mihi
839 3265 892 3300 non
918 3265 959 3299 ma
979 3251 1001 3299 is
1027 3252 1058 3301 ob

71 3318 181 3379 codices,
199 3334 276 3382 quom
294 3321 325 3369 oh
343 3319 494 3371 sententiam
511 3328 642 3402 suspecta:
657 3346 691 3356 -
708 3320 768 3401 ibid:
784 3319 875 3398 satana
892 3267 977 3384 ᾳιιιιε]
987 3319 1058 3396 sutu-

71 3386 566 3507 ffinffiotffidpopadpplfflrpss
582 3385 1056 3512 {gipupp'ppisbgpprenspperlodippdmppp
