2378 3864
226 115 258 158 o.
281 115 309 157 o.
333 114 361 159 o.
383 116 412 158 o.
434 105 478 160 61.
521 117 563 158 ns
584 116 685 160 sunno
707 117 773 162 rra.
796 117 824 161 o.
848 108 874 160 l.
895 107 923 159 a.
1003 95 1044 155 37

61 264 178 326 hostilia
196 264 337 326 cadavera
351 264 478 324 amicum
492 259 548 331 alii,
569 277 638 339 pars
653 260 799 338 hospitem
819 267 870 322 aut
888 269 1045 339 cognatum

61 347 264 430 reperiebant:
282 348 365 408 luere
379 348 449 406 item
463 346 513 424 qui
527 345 661 406 inimicos
675 361 745 405 suos
762 352 981 421 cognoscerent.
1003 346 1073 414 lton

62 435 142 495 varie
164 449 220 510 per
242 449 360 492 omnem
382 430 543 492 exercitum
563 428 671 490 laetitia
692 445 817 498 maeror,
840 428 936 491 luctus
958 436 1046 507 atquo

63 516 169 596 gaudia
187 514 381 592 agitabantur.

750 796 753 800 ·
835 765 850 800 ‘⁷
899 761 998 839 ‘L‘tiffa

831 831 869 858 'W‘
907 823 1032 872 rlae'g's'fst'
1051 831 1064 857 '·'

231 919 236 927 .
838 874 1007 945 Mt.

831 914 1044 1028 ΧφὲῗιῖἒκῆΛᾎ·

265 1018 362 1099 usi
390 1017 647 1098 succussi
674 1017 827 1100 cume
887 1003 1029 1084 viru.

500 1218 612 1269 LIBER

171 1395 250 1484 DE
285 1392 488 1483 BELLO
528 1394 928 1488 IVGVRTHINO

40 1795 52 1836 s
153 1755 248 1842 Fuso
268 1777 401 1858 queritur
416 1778 453 1839 de
474 1786 578 1839 natura
595 1796 648 1839 sua
664 1794 756 1856 genus
770 1778 945 1851 humanum,
965 1783 1072 1862 quodi

61 1861 197 1925 inbecilla
210 1868 297 1941 atque
309 1863 372 1923 aeri
385 1860 484 1923 brevis
498 1862 575 1924 forte
584 1864 682 1941 potius
692 1881 781 1943 quam
792 1865 897 1926 virtute
912 1871 1041 1943 regatur.

60 1946 136 2008 Nam
154 1952 257 2008 contm
277 1947 442 2027 reputando
464 1963 561 2026 neque
581 1949 675 2009 maius
697 1946 775 2009 aliud
799 1966 895 2028 neque
913 1956 1070 2027 praesta-2

60 2029 148 2093 bilius
161 2029 292 2092 invenias
303 2032 454 2111 magisque
468 2038 590 2094 naturae
603 2031 775 2093 industriam
790 2032 940 2093 hominum
957 2051 1045 2112 quam

59 2115 117 2176 vim
136 2120 189 2176 aut
208 2120 325 2195 tempus
344 2114 454 2176 deesse.
475 2115 527 2177 Set
537 2115 597 2178 dux
607 2123 696 2195 atque
706 2117 868 2199 imperator
876 2117 950 2180 vitae
965 2132 1070 2184 mor-3

30 2197 162 2261 rotellum
173 2198 288 2259 animus
305 2205 357 2260 est
372 2200 427 2274 Qui
440 2198 492 2260 ubi
507 2199 545 2259 ad
560 2196 683 2276 gloriam
698 2201 809 2261 virtutis
822 2202 866 2262 via
882 2208 1041 2278 grassatur,

59 2281 178 2344 abunde
198 2281 312 2361 pollens
332 2289 495 2361 potensque
509 2289 538 2344 et
558 2281 654 2344 clarus
668 2289 712 2342 est
727 2301 824 2363 neque
843 2285 960 2346 fortuna
977 2294 1044 2363 eget

62 2399 96 2412 -
114 2367 225 2447 quippe
238 2364 416 2445 probitatem
430 2367 602 2427 industriam
617 2365 745 2445 aliasque
757 2368 828 2427 artis
840 2367 934 2429 bonas
947 2386 1043 2449 neque

59 2450 131 2512 dare
150 2467 248 2530 neque
267 2451 383 2528 eripere
406 2451 542 2530 cuiquam
559 2455 655 2529 potest
678 2469 731 2510 -ε
754 2450 799 2510 sin
824 2457 926 2529 captus
947 2454 1071 2529 provise

61 2532 250 2612 cupidinibus
261 2534 297 2594 ud
314 2536 449 2596 inertiam
460 2541 490 2596 et
500 2533 662 2614 voluptates
678 2536 811 2614 corporis
826 2552 945 2613 pessum
960 2536 1044 2598 datus

28 2624 117 2687 rsest,
142 2619 302 2697 pernitiosa
321 2618 453 2681 lubidine
464 2618 614 2698 paulrsper
630 2635 717 2688 usus,
740 2618 792 2680 ubi
806 2636 861 2697 per
878 2621 1044 2682 socordiam

58 2703 136 2764 vires
157 2707 274 2780 tempus
295 2703 445 2780 ingenium
462 2703 625 2774 diffluxere,
641 2709 765 2765 naturae
784 2703 936 2766 infirmitas
957 2723 1046 2781 accu7

57 2790 157 2848 satior:
172 2803 257 2847 suam
274 2789 397 2866 quisque
412 2787 527 2867 culpam
542 2795 656 2849 actores
667 2788 705 2848 ad
723 2789 838 2864 negotia
852 2789 1042 2852 transierunt.

58 2868 144 2942 Quod
159 2871 185 2931 si
198 2869 368 2932 hominibus
383 2870 528 2933 bonarum
543 2890 646 2934 rerum
658 2877 736 2932 tanta
750 2889 821 2932 cura
832 2879 917 2943 esset,
934 2880 1070 2951 quantos

57 2953 154 3017 studio
169 2951 264 3015 aliena
280 2972 317 3016 ae
339 2954 410 3016 nihil
430 2954 585 3036 profutura
604 2955 752 3035 multaque
773 2958 859 3018 etiam
879 2956 1044 3034 periculosa

26 3055 49 3098 ao
56 3053 94 3100 ac
104 3039 271 3116 perstitiose
282 3044 394 3116 petunt,
410 3057 507 3119 neque
517 3046 692 3118 regerentur
701 3041 795 3118 magis
806 3058 895 3118 quam
905 3046 1044 3118 regerent

57 3137 143 3184 casus
166 3128 196 3183 et
210 3139 246 3183 eo
266 3123 473 3200 magnitudinis
492 3124 702 3202 procederent,
724 3122 776 3185 ubi
795 3141 850 3203 pro
870 3123 1043 3184 mortalibus

56 3203 150 3281 gloria
172 3206 286 3268 aeterni
303 3207 417 3268 flerent.
440 3207 515 3268 Nam
528 3209 571 3269 uti
584 3223 678 3284 genus
692 3207 844 3269 hominum
859 3208 1043 3285 conpositum
1056 3215 1074 3274 2

56 3307 91 3351 ex
113 3307 244 3368 corpore
265 3296 295 3351 et
311 3292 407 3352 anima
423 3297 475 3361 est,
496 3292 541 3352 ita-
559 3308 608 3353 ros
623 3297 747 3353 cunctae
768 3291 922 3369 studiaque
946 3293 1043 3352 omnia

55 3381 156 3436 nostra
180 3374 315 3452 corporis
336 3374 400 3446 alia,
424 3373 480 3435 alia
499 3375 588 3436 animi
605 3381 742 3437 naturam
763 3381 913 3436 secuntur.
950 3374 1068 3453 Igituro
1149 3425 1152 3431 .
