2378 3864
176 179 219 219 oe
241 176 415 220 1111111111
438 174 680 221 conrvnnurous
704 174 732 217 c.
755 165 797 221 11.
822 166 865 221 13.
888 166 931 220 14.
1025 157 1045 216 7

59 347 112 392 111
126 327 256 406 pretium
273 335 334 394 est,
354 345 421 387 curu
438 326 540 399 domos
558 335 645 405 atque
660 323 741 385 villas
757 323 932 401 cognoveris
946 322 977 383 in
993 341 1045 384 ur·

59 412 143 475 bium
162 411 283 471 modum
305 410 522 484 exaedificatas,
550 411 645 472 visere
666 407 775 486 templa
800 407 939 475 deorum,
968 425 1044 486 quae

58 496 154 557 nostri
167 496 303 563 maiores,
322 493 544 570 religiosissumi
565 491 712 561 mortales,
729 491 837 553 111111.
874 489 984 558 Verum
1004 490 1071 557 11111

61 579 185 642 delubra
212 578 336 641 deorum
361 579 484 655 pietate,
512 577 614 640 domos
642 594 709 639 suas
738 575 832 652 gloria
855 573 1043 645 decorabant,

37 682 158 745 unaque
173 662 255 724 victis
268 662 425 741 quicquam
440 669 558 741 praeter
572 661 696 725 iniuriae
707 659 855 722 licentiam
870 657 1043 736 eripiebant.

61 749 98 809 At
117 747 148 822 bi
164 752 268 808 contra
281 746 469 822 ignavissumi
483 745 618 809 homines
635 762 689 822 per
707 761 855 804 summum
870 741 967 807 scelus
983 758 1071 809 om-rs

61 833 110 893 uia
132 849 166 897 aa
188 830 276 891 sociis
298 828 441 899 adimere,
474 849 549 908 quae
571 829 733 889 fortissumi
753 828 807 888 viri
829 828 955 888 victores
976 826 1045 888 reli·

15 953 19 959 ·
62 921 202 995 querant:
219 913 343 993 proinde
358 915 441 992 quasi
455 914 590 981 iniuriam
610 912 709 973 facere
722 912 752 972 id
772 911 891 973 demum
907 912 1048 972 11111111·

60 1000 145 1078 perio
161 999 213 1059 uti.
246 996 320 1058 Nam
338 997 408 1075 quid
426 1016 461 1059 ea
474 1015 647 1066 memorem,
671 1015 746 1076 quae
763 997 819 1061 nisi
830 996 871 1056 eis
884 995 934 1075 qui
946 996 1046 1057 videre
1059 998 1098 1059 13

28 1103 53 1145 ao
61 1082 174 1143 nemini
186 1080 335 1159 credibilia
345 1082 576 1160 suntaprivatis
588 1079 780 1158 conpluribus
791 1079 950 1140 subvorsos
961 1098 1045 1141 mon·

61 1169 112 1236 tis,
136 1167 228 1243 maria
251 1175 400 1238 constrata
419 1183 492 1236 osse.
535 1165 648 1237 Quibus
670 1164 741 1228 mihi
763 1164 898 1224 videntur
917 1163 1072 1225 ludibrio2

61 1251 154 1312 fuisse
169 1248 299 1319 divitiae:
322 1251 431 1328 quippe
454 1267 526 1329 quas
546 1249 669 1318 honesta
689 1247 801 1309 babere
822 1246 942 1317 licebat,
967 1248 1048 1309 abuti

61 1353 117 1414 per
140 1334 352 1411 turpitudinem
373 1332 583 1412 properabant.
622 1332 672 1393 Set
685 1330 786 1394 lubido
805 1333 912 1409 stupri,
935 1338 1073 1408 ganeaet

63 1419 214 1498 ceterique
235 1415 331 1479 cultus
346 1434 406 1478 nou
422 1418 518 1481 minor
535 1418 713 1477 incesserat:
736 1416 790 1475 viri
808 1413 962 1476 mubebria
977 1418 1047 1493 pati,

28 1520 52 1560 ia
61 1501 203 1569 mulieres
220 1502 391 1580 pudicitiam
411 1502 443 1561 in
464 1497 620 1578 propatulo
642 1497 767 1563 habere:
788 1499 925 1559 vescendi
961 1515 1048 1563 causa

62 1594 144 1648 terra
156 1587 290 1664 marique
302 1585 398 1660 omnia
417 1585 587 1663 exquirere:
603 1583 733 1644 dormire
750 1583 833 1660 prius
849 1600 937 1660 quam
953 1585 1049 1645 somni

64 1669 171 1747 cupido
200 1675 292 1739 esset,
320 1686 381 1740 uon
406 1668 514 1743 sappam
542 1677 592 1728 aut
613 1668 700 1737 sitim,
722 1684 819 1744 neque
837 1665 931 1743 frigus
951 1684 1048 1746 neque

63 1753 264 1827 lassitudinem
275 1753 415 1831 opperiri,
428 1762 472 1813 111
491 1771 525 1819 aa
544 1752 639 1813 omnia
661 1751 732 1819 luxu
746 1757 931 1828 1111111111.
966 1751 1074 1814 Haece

63 1840 254 1907 iuventutem,
271 1836 323 1897 ubi
341 1836 498 1913 familiares
514 1854 585 1914 opes
601 1835 778 1903 defecerant,
803 1835 839 1899 ad
857 1834 989 1896 facinora
1004 1837 1048 1897 iu·

29 1920 243 1983 accendebant:
265 1921 380 1985 animus
401 1919 521 1992 inbutus
535 1919 619 1982 malis
638 1917 751 1979 artibus
773 1917 846 1979 haut
866 1918 950 1980 facile
969 1919 1072 1981 lubi-o

63 2004 182 2066 dinibus
197 2004 331 2066 carebat:
347 2023 381 2066 eo
395 2004 545 2084 profusius
559 2003 696 2066 omnibus
708 2003 802 2067 modis
814 2004 948 2081 quaestui
962 2010 1050 2082 atque

63 2090 195 2169 sumptui
210 2089 323 2163 deditus
339 2097 410 2159 erat.

149 2172 183 2234 ln
194 2178 274 2239 tanta
285 2179 404 2252 tamquo
413 2181 557 2253 conrupta
570 2173 683 2235 civitate
694 2170 822 2239 Catilina,
835 2171 865 2235 id
880 2171 959 2250 quod
970 2171 1048 2232 factu
1063 2174 1099 2235 14

63 2255 247 2319 facillumum
262 2264 341 2333 erat,
365 2261 496 2330 omniurn
510 2257 688 2334 flagitiorum
708 2262 795 2334 atque
811 2254 977 2317 facinorum
993 2257 1050 2319 cir·

30 2359 136 2403 :acum
154 2357 186 2400 sc
208 2348 357 2418 tamquam
375 2343 548 2420 stipatorum
566 2348 698 2409 catervas
717 2339 854 2404 babebat.
888 2339 963 2401 Nam
983 2341 1075 2419 qui-2

65 2441 194 2503 cumque
220 2423 375 2502 inpudicus
392 2424 506 2487 adulter
528 2441 622 2501 ganeo
639 2442 727 2499 mapa
752 2432 854 2489 ventre
874 2442 951 2502 pene
971 2423 1051 2486 bona

64 2509 160 2589 patria
180 2506 375 2579 laceraverat,
400 2509 508 2588 quique
525 2506 653 2583 alienum
671 2526 720 2570 111
742 2507 855 2586 grande
873 2507 1052 2569 conflaverat

66 2611 125 2673 quo
142 2590 285 2669 flagitium
302 2598 352 2665 aut
367 2592 479 2657 facinus
493 2591 662 2662 redimeret,
679 2600 833 2669 practerea
849 2609 951 2653 onmes
964 2591 1077 2656 uadi-3

66 2695 124 2756 que
140 2674 288 2753 paricidae
310 2676 447 2755 sacrilegi
466 2677 591 2739 convicti
606 2676 721 2739 iudiciis
741 2683 791 2738 aut
804 2693 860 2755 pro
878 2675 962 2737 factis
976 2673 1051 2736 iudo

31 2762 146 2846 accium
167 2761 318 2830 timentes,
339 2760 452 2823 adhoc
471 2779 544 2840 quos
565 2778 670 2823 manus
691 2768 779 2838 atque
799 2759 899 2837 lingua
919 2761 1051 2838 periurio

64 2851 117 2913 aut
137 2845 280 2921 sanguine
303 2844 377 2920 civili
397 2844 508 2915 alebat,
532 2852 681 2925 postremo
704 2862 807 2908 omnes
822 2862 896 2923 quos
910 2844 1052 2922 flagitium

67 2936 182 3006 egestas
204 2929 340 2989 conscius
361 2931 476 2995 animus
501 2928 679 3005 exagitabat,
710 2931 737 2990 ei
757 2928 895 2990 Catilinae
907 2931 1052 3008 ¹prorumi

67 3011 283 3091 familiaresque
301 3021 394 3073 erant.
438 3011 523 3083 Quod
542 3014 568 3075 si
582 3013 647 3091 quis
660 3013 748 3074 111111
767 3030 783 3073 1
799 3010 883 3089 culpa
898 3029 1007 3075 vacuus
1020 3014 1076 3073 ina

49 3117 53 3124 ·
67 3097 224 3156 amicitiam
240 3095 302 3157 eius
323 3096 480 3165 inciderat,
503 3096 647 3166 cotidiano
664 3113 720 3160 usu
736 3102 823 3176 atquc
836 3095 993 3161 inlecebris
1009 3095 1051 3156 fa·

33 3204 58 3246 aa
69 3177 123 3240 cile
137 3197 192 3257 par
207 3177 369 3259 similisque
384 3182 488 3241 ceteris
503 3179 692 3241 efficiebatur.
721 3178 771 3240 Set
786 3198 922 3242 maxume
936 3177 1080 3247 adulas-a

69 3265 197 3325 cautium
212 3262 421 3331 familiaritates
432 3262 602 3340 adpetebat:
619 3281 721 3327 eorum
728 3265 819 3329 animi
827 3256 1054 3341 molles[actate]

69 3355 97 3413 et
110 3347 182 3417 fluxi
197 3346 271 3423 dolis
288 3347 360 3415 haut
374 3347 530 3417 difficulter
544 3347 743 3425 capiebantur.
770 3349 846 3412 Nam
859 3355 893 3408 ut
909 3349 1079 3426 cuiusqueo

68 3431 198 3493 studium
212 3448 248 3493 ex
261 3439 355 3501 aetate
369 3431 525 3509 flagrabat,
540 3430 603 3495 aliis
617 3440 714 3498 scorta
723 3432 883 3513 praebere.
896 3426 959 3495 aliis
973 3433 1054 3495 canis
