2378 3864
157 150 198 212 94
364 166 407 207 ue
426 165 528 208 nunno
551 165 752 210 mensurno
778 165 804 208 o.
825 157 868 212 91.
892 158 937 212 92.

157 315 213 376 levi
227 314 410 376 munimento
425 316 526 393 positis
541 314 646 376 milites
661 312 760 376 cibum
774 332 880 393 capere
894 320 983 392 atque
1001 318 1043 375 uti
1058 316 1135 378 simul

158 417 226 460 cum
244 416 350 461 occasu
365 399 434 460 solis
452 398 664 478 egrederentur
679 406 798 476 paratos
814 415 878 459 esse
893 396 990 460 iubet:
1007 401 1136 462 omnibus
1181 426 1183 477 ;

130 483 279 551 asarcinis
293 483 413 545 abiectis
428 499 503 561 aqua
519 480 607 543 modo
623 499 714 560 seque
729 489 758 543 ct
768 483 897 543 iumenta
910 499 1046 545 onerare.
1069 485 1135 546 Dein
1181 492 1183 515 ¹

156 574 313 647 postquam
327 573 442 646 tempus
456 567 564 636 ristun,
579 567 681 627 castris
697 567 846 643 egreditur
861 572 1038 647 noctemque
1053 576 1137 630 totam

144 650 261 713 itinere
274 650 351 712 lacto
364 651 510 712 consedit:
527 650 605 711 idem
615 667 758 728 proxuma
771 650 854 712 tacite
870 650 938 711 dein
952 653 1039 712 tertia
1052 653 1154 715 mrdtos

157 740 224 796 ante
238 734 312 796 lucis
327 734 483 796 adventum
498 735 631 812 pervenit
644 735 675 795 in
689 734 787 795 locum
800 733 988 804 tumulosum,
1002 734 1040 796 ab
1053 736 1138 816 Capsa

157 836 217 878 non
239 817 364 896 amplius
386 818 477 879 duum
498 818 610 879 milium
624 817 792 888 intervallo,
812 817 910 898 ibique
933 836 1022 898 quam
1046 820 1139 882 occul·

128 903 277 965 stissume
298 907 395 980 potest
414 919 482 962 cum
504 901 639 963 omnibus
655 902 746 981 copiis
763 903 903 980 operitur.
942 901 994 964 Set
1013 903 1068 965 ubi
1085 904 1140 965 dies

156 987 253 1065 coepit
281 991 310 1046 et
332 984 475 1047 Numidae
500 984 570 1046 nibil
604 985 708 1047 hostile
735 992 898 1048 metuentes
923 986 1008 1048 multi
1036 988 1139 1067 oppido

156 1069 282 1146 egressi,
297 1076 420 1146 repente
436 1086 553 1130 omnem
569 1070 728 1149 equitatum
748 1076 856 1131 etcum
879 1073 920 1131 eis
935 1069 1139 1134 velocissumos
1147 1092 1164 1132 a

155 1151 269 1230 pedites
290 1169 378 1214 cursu
401 1153 522 1214 tendere
544 1153 581 1214 ad
596 1152 718 1231 Capsam
736 1161 765 1215 et
781 1160 881 1232 portas
895 1153 1034 1217 obsidere
1048 1156 1139 1219 iubet:

156 1234 262 1298 deinde
281 1237 343 1316 ipse
366 1239 494 1299 intentus
513 1254 642 1316 propere
661 1239 745 1318 sequi
766 1256 862 1316 neque
880 1238 986 1300 milites
1007 1240 1139 1318 praedari

130 1321 264 1382 semera.
302 1321 384 1393 Quae
399 1328 555 1401 postquam
576 1321 713 1401 oppidani
731 1339 910 1400 cognovere,
930 1340 980 1384 res
1001 1325 1138 1404 trepidae,

156 1411 252 1465 metus
269 1405 387 1482 ingens,
405 1405 515 1468 malum
531 1406 720 1485 inprovisum,
732 1405 769 1467 ad
783 1406 841 1467 boc
854 1422 924 1485 pars
938 1408 1047 1469 civium
1062 1416 1139 1471 extra

155 1489 272 1549 moenia
283 1489 314 1549 iu
325 1488 454 1550 hostium
464 1495 607 1568 potestate
620 1505 744 1567 coegere
758 1491 801 1550 uti
812 1490 989 1552 deditionem
1000 1490 1163 1555 lacerans

128 1569 296 1634 bcctcrum
320 1572 460 1650 oppidum
482 1574 649 1643 incensum,
672 1572 815 1635 Numidae
836 1573 964 1651 puberes
987 1576 1138 1646 interiecti

129 1654 205 1716 aelii
220 1673 323 1716 omnes
338 1673 463 1718 vaenum
475 1657 548 1719 dati:
563 1656 672 1735 praeda
687 1655 827 1718 militibus
846 1657 944 1719 divisa.
982 1659 1015 1720 ld
1031 1661 1139 1723 lacinus

156 1745 260 1800 contra
274 1741 320 1800 ius
334 1738 404 1800 belli
421 1757 481 1801 non
495 1743 612 1802 avaritia
633 1759 729 1820 nequo
750 1741 861 1803 scelere
884 1741 1013 1803 consulis
1036 1744 1139 1806 admis-

153 1837 228 1890 sum,
252 1829 297 1880 sat
312 1821 381 1898 quia
395 1819 479 1880 locus
493 1820 653 1899 Iugurthae
666 1829 858 1900 opportunus,
875 1824 962 1886 nobis
974 1826 1057 1890 aditu
1072 1829 1141 1892 diiii·

154 1901 227 1974 cilis,
244 1920 338 1982 genus
352 1903 508 1964 hominum
522 1903 632 1965 mobile
645 1905 785 1976 infidum,
807 1905 904 1990 [ante]
921 1927 1019 1989 neque
1035 1912 1165 1978 bened-e

153 1987 200 2048 cio
222 2004 321 2066 neque
343 1993 425 2049 metu
447 1990 618 2049 coercitum.

99 2071 142 2134 92
237 2071 398 2152 Postquam
413 2076 523 2132 tantam
537 2087 601 2130 rcm
615 2068 725 2129 ilarius
738 2068 801 2129 sinc
815 2066 874 2128 ullo
890 2085 1013 2130 suorum
1029 2069 1136 2130 incom·
1181 2064 1183 2113 l

152 2156 240 2218 modo
269 2157 358 2230 fecit,
384 2171 508 2232 maguus
531 2161 560 2215 et
582 2151 679 2214 clarus
700 2158 794 2222 antea,
816 2153 909 2212 maior
931 2162 1018 2231 atque
1034 2150 1137 2214 clarior

127 2240 256 2302 chaberi
272 2242 377 2318 coepit.
408 2238 511 2300 Omnia
529 2255 589 2299 non
605 2237 681 2299 bene
698 2236 828 2298 consulta
843 2237 872 2296 in
889 2237 1027 2297 virtutem
1042 2235 1136 2297 trahe·

151 2323 276 2385 bantur:
298 2322 417 2392 milites,
433 2322 566 2383 modesto
577 2321 703 2401 irnperio
713 2319 804 2381 habiti
819 2319 905 2381 simul
926 2327 955 2380 et
968 2319 1160 2399 locupletess

153 2407 189 2468 ad
212 2407 325 2469 caelum
346 2407 440 2476 ferre,
463 2406 605 2468 Numidae
628 2407 720 2482 magis
744 2422 830 2482 quarn
849 2403 1003 2464 mortalem
1025 2406 1136 2472 timere.

152 2498 303 2571 postremo
318 2509 429 2562 omues,
447 2492 619 2571 sociiatquc
634 2488 744 2558 hostes,
761 2488 882 2549 credere
897 2487 939 2548 illi
950 2493 1000 2548 aut
1010 2495 1138 2550 mentem

153 2575 280 2636 divinam
301 2593 366 2637 esse
387 2581 437 2636 aut
458 2574 582 2637 deorum
603 2578 677 2634 nutu
699 2577 805 2632 cuncta
821 2570 967 2650 portendi.

127 2671 144 2721 3
239 2658 291 2719 Set
305 2656 423 2727 consul,
439 2657 490 2718 ubi
505 2675 539 2718 ea
552 2674 601 2718 res
612 2655 689 2716 bene
704 2656 813 2725 euenit,
831 2655 868 2716 ad
883 2653 936 2714 alia
953 2656 1062 2732 oppida
1074 2674 1137 2736 per·

153 2743 203 2819 git,
216 2758 310 2819 pauca
323 2738 556 2819 repugnantibus
569 2738 703 2800 Numidis
717 2738 802 2816 capit,
815 2736 909 2814 plura,
919 2739 1040 2798 deserta
1049 2757 1160 2820 prop-n

153 2831 199 2885 tcr
214 2823 404 2901 Capsensium
419 2823 560 2892 miserias,
577 2822 638 2900 igni
653 2820 832 2899 conmmpit:
848 2818 929 2880 luctu
946 2825 1033 2898 atquc
1051 2823 1138 2886 caede
1181 2828 1183 2911 l

126 2909 253 2968 domnia
274 2906 457 2986 conplentur.
490 2905 623 2986 Denique
638 2901 736 2965 multis
752 2903 825 2964 locis
840 2903 958 2982 potitus,
982 2922 1017 2965 ac
1035 2906 1139 2984 pleris-

155 3010 211 3072 que
227 2992 358 3053 exercitu
373 2993 537 3061 incruento,
560 2989 646 3051 aliam
668 3005 732 3048 rem
753 2987 930 3066 adgreditur,
953 3005 1013 3048 non
1037 2991 1139 3053 eadem
1181 3056 1183 3077 Ι

155 3077 310 3156 asperitate
332 3091 389 3155 qua
410 3075 614 3154 Capsensium,
634 3079 765 3135 ceterum
785 3072 856 3133 haut
876 3089 962 3133 secus
981 3071 1137 3136 dilllcilcm.
1181 3080 1183 3105 ²

127 3164 143 3214 t
240 3160 372 3240 Namque
385 3159 457 3221 haut
470 3159 559 3238 longe
574 3176 591 3219 a
607 3158 726 3219 flumine
748 3155 917 3230 Muluccha,
939 3156 1017 3235 quod
1034 3157 1163 3236 Iugur-s

155 3244 223 3306 thae
237 3244 404 3324 Bocchique
415 3260 542 3322 regnum
553 3241 747 3321 disiungebat,
765 3247 829 3302 erat
842 3242 919 3302 inter
934 3247 1063 3303 ceteram
1077 3241 1138 3321 pla·
1181 3226 1183 3299 l

156 3329 256 3389 nitiem
270 3345 356 3389 mons
374 3345 488 3398 saxam,
511 3328 652 3390 mediocri
673 3326 791 3389 castello
812 3326 881 3386 satis
902 3331 1020 3403 patens,
1043 3327 1073 3387 in
1094 3327 1137 3386 in·

156 3430 291 3475 mensum
313 3413 421 3484 editus,
444 3430 503 3474 uno
518 3417 697 3494 perangusto
718 3410 797 3472 aditu
813 3408 928 3471 relicto:
952 3426 1020 3471 nam
1043 3411 1137 3470 omnis
