2378 3864
138 177 179 239 40
334 195 377 236 nn
399 194 502 237 nanno
527 193 728 236 ιιιιιιιιιιιιο
752 192 779 235 c.
796 185 821 237 5
840 183 867 238 6.
889 181 904 236 t

137 339 249 401 nahelis
267 340 383 412 iratris,
405 360 493 422 quem
510 340 674 410 Masinissa,
697 341 776 421 quod
797 346 879 401 ortus
899 358 935 400 ex
958 339 1120 401 concubina

139 432 216 494 erat,
239 425 384 503 privatum
405 423 610 503 dereliquerat,
626 425 730 486 eodem
752 421 832 528 cultu
849 441 908 502 quo
921 421 1033 483 llberos
1053 441 1120 483 suos

140 506 220 568 domi
239 508 351 569 habuit.

106 588 128 648 6
226 586 628 670 Quiubiprimnmadole'vit,
644 589 757 668 poMens
771 589 895 656 viribus,
912 589 1021 650 decora
1037 589 1118 658 facie,

137 682 182 737 set
199 674 290 735 multo
310 691 446 735 maxume
466 674 582 752 ingenio
602 673 727 743 validus,
750 691 810 733 uon
827 691 859 733 se
876 672 947 733 luxu
962 690 1061 753 neque
1077 675 1137 737 ιιι-ι

138 760 228 821 ertiae
244 757 498 836 conrumpendum
518 756 612 825 dedit,
633 762 691 825 set,
713 757 756 816 uti
778 774 841 816 mos
861 758 955 834 gentis
969 753 1046 818 illius
1068 763 1119 826 est,

138 843 268 921 equitare
278 839 500 918 iacularicursu
510 857 577 901 cum
588 838 758 920 aequalibus
769 847 893 908 certare,
906 846 1015 901 etcum
1027 842 1120 901 omnis

137 924 230 1003 gloria
245 925 378 993 anteiret,
393 924 529 985 omnihus
546 930 645 985 tamen
659 940 746 984 carus
761 941 838 985 esse:
853 923 890 984 ad
908 921 966 984 hoc
979 921 1121 1003 pleraque

140 1016 273 1086 tempora
286 1009 318 1069 in
334 1008 467 1069 venando
485 1023 582 1084 agere,
597 1006 712 1069 leonem
729 1014 816 1087 atque
829 1004 899 1068 alias
914 1006 993 1068 ieras
1009 1008 1121 1086 primus

138 1099 187 1153 aut
209 1093 239 1152 in
259 1092 361 1171 primis
384 1090 488 1153 lenire:
510 1089 682 1169 plurumum
696 1090 804 1160 iacere,
824 1091 987 1152 minumum
1004 1091 1068 1170 ipse
1085 1091 1120 1152 de
1129 1117 1148 1158 ιι

111 1186 170 1237 ase
190 1175 281 1254 loqui.
312 1173 525 1247 Quibusrebus
539 1175 658 1254 Micipsa
674 1175 789 1236 tametsi
805 1175 886 1235 initio
908 1172 1002 1236 laetus
1025 1173 1121 1236 iuerat

138 1260 316 1321 existumans
330 1259 420 1319 virtut
407 1264 469 1319 em
478 1258 640 1335 Iugurthae
649 1275 744 1336 regno
765 1276 820 1319 suo
841 1255 952 1335 gloriae
974 1257 1054 1327 fore,
1077 1264 1119 1319 ta·

137 1361 206 1404 men
212 1348 381 1440 postquam
395 1341 544 1403 hominem
563 1340 780 1404 adulescentem
796 1348 897 1402 exacta
910 1357 964 1401 sua
981 1348 1078 1404 aetate
1093 1349 1121 1403 et

137 1427 234 1505 parvis
254 1425 354 1486 liberis
368 1427 460 1504 magis
478 1427 629 1506 magisque
645 1443 780 1488 crescere
797 1422 945 1502 intellegit,
962 1424 1119 1488 vehemen·
1186 1483 1189 1490 .

136 1520 183 1572 ιιι
206 1528 241 1571 eo
264 1511 382 1586 negotio
405 1517 557 1589 permotus
576 1508 667 1571 multa
688 1527 756 1571 cum
778 1509 874 1570 animo
900 1525 954 1568 suo
977 1499 1189 1575 volvebatu'
1185 1533 1189 1584 ι

111 1593 282 1656 3Terrehat
301 1612 368 1655 eum
388 1603 491 1655 natura
519 1593 686 1654 mortalium
708 1593 907 1670 avidaimpcri
927 1599 956 1653 ιι
977 1610 1121 1671 praeceps
1188 1627 1189 1644 ι

137 1677 175 1738 ad
189 1676 361 1755 explendam
377 1679 464 1737 animi
484 1676 663 1754 cupidinem,
682 1678 1121 1756 praetereaopportuoitassuae

136 1760 357 1838 liberorumque
369 1761 479 1828 aetatis,
490 1777 565 1839 quae
577 1761 663 1821 etiem
674 1760 830 1821 mediocris
841 1763 920 1819 viros
931 1777 983 1839 spe
993 1761 1121 1838 praedae

137 1854 321 1903 transvorsos
345 1844 416 1920 agit,
440 1842 478 1904 ad
496 1842 555 1904 hoc
572 1843 666 1917 studia
687 1843 881 1905 Numidarum
895 1843 925 1903 in
948 1843 1121 1920 Iugurtham

137 1927 276 2003 adcensa,
303 1925 477 2005 exquibus,
500 1926 630 1989 sitalem
648 1929 744 1989 virum
766 1927 838 1988 dolis
852 1925 1061 1998 interfecisset,
1084 1945 1149 1988 ιιιιι
1187 1963 1189 1968 ¹

105 2013 196 2090 iqua
218 2010 321 2070 seditio
344 2017 394 2070 aut
413 2006 523 2073 bellum
546 2013 674 2072 oriretur
695 2011 799 2071 anxius
816 2016 888 2071 erat.
932 2008 981 2070 tiis
998 2008 1121 2073 diffidit·

138 2095 246 2156 tatibus
263 2095 479 2156 circumventus
492 2094 544 2155 ubi
559 2096 637 2156 ridet
650 2112 747 2173 neque
760 2112 814 2173 per
829 2094 887 2154 vim
902 2110 998 2172 neque
1012 2095 1123 2156 insidiis

138 2177 264 2256 obprimi
283 2195 371 2257 posse
392 2178 542 2240 honinem
563 2185 622 2239 tam
644 2183 797 2256 acceptum
818 2175 1019 2255 popularibus,
1045 2178 1123 2258 quod

138 2268 202 2321 erat
219 2259 361 2338 Iugurtha
376 2279 466 2325 manu
479 2270 635 2342 promptus
651 2269 680 2324 et
693 2262 834 2341 adpetens
850 2259 960 2338 gloriae
979 2260 1120 2330 militaris,

137 2345 235 2404 statuit
253 2362 319 2404 eum
342 2345 489 2406 obiectare
510 2345 648 2423 periculis
670 2352 699 2407 et
714 2364 748 2406 ιο
769 2343 857 2422 modo
881 2343 1030 2407 fortunam
1048 2351 1121 2407 tem·
1129 2362 1151 2403 a
1187 2329 1189 2442 1

136 2435 228 2508 ptare.

110 2528 126 2575 ι
220 2512 312 2588 Igitur
333 2509 411 2573 hello
432 2512 610 2574 Numantino
625 2510 744 2591 Micipsa
766 2530 834 2573 cum
856 2512 966 2592 populo
988 2511 1123 2574 Romano

137 2596 269 2674 equitum
289 2601 377 2673 atque
390 2596 523 2674 peditum
537 2596 641 2657 auxilia
656 2597 800 2663 mitteret,
822 2613 944 2674 sperans
962 2593 1009 2656 rel
1024 2604 1123 2658 osteu-

136 2677 224 2738 tando
245 2678 383 2738 virtutem
398 2677 444 2738 ιιι
464 2678 592 2738 hostium
611 2677 728 2738 saevitia
747 2676 831 2737 facile
847 2695 915 2738 eum
934 2694 1123 2748 occasurum,

109 2759 279 2840 epraetecit
292 2758 435 2837 Numidis,
445 2778 519 2839 quos
539 2762 569 2821 in
584 2759 752 2837 Hispaniam
772 2756 914 2820 mittebat.
953 2758 1005 2820 Set
1021 2777 1055 2820 ea
1073 2781 1153 2826 resae

108 2841 322 2919 elongealiter
344 2850 477 2903 aeratus
496 2849 559 2904 erat
579 2844 682 2904 evenit.
724 2840 799 2902 Nam
820 2841 979 2920 Iugurtha,
1003 2848 1037 2903 ut
1059 2855 1125 2908 erat
1187 2855 1189 2922 ᾗ

136 2927 252 3004 inpigro
276 2930 363 3002 atque
386 2927 447 2986 acri
467 2927 599 3005 ingenio,
621 2924 674 2987 ubi
694 2927 876 2986 naturamP.
897 2925 1049 3006 Scipionis,
1073 2931 1124 3008 qui

135 3017 198 3069 tum
218 3007 380 3068 Romanis
371 3018 532 3090 imperator
548 3016 626 3080 erat,
647 3016 677 3072 ιι
695 3027 809 3071 ιιιοιιιιι
827 3009 955 3071 hostium
976 3015 1121 3088 cognovit,
1188 3059 1189 3078 ,

136 3089 228 3153 multo
245 3089 349 3152 labore
369 3093 517 3173 multaque
540 3112 626 3164 cura,
649 3100 802 3172 praeterea
823 3094 1048 3156 modestissume
1068 3112 1122 3174 pa·
1188 3160 1189 3164 ,

136 3175 230 3236 rende
253 3181 281 3236 ιι
298 3191 386 3254 saepe
401 3176 516 3239 obviam
533 3180 629 3241 eundo
644 3177 810 3257 periculis'
802 3197 832 3239 ιιι
846 3184 955 3239 tantam
972 3176 1121 3240 claritudi·
1129 3198 1152 3240 ιι
1188 3173 1189 3178 ’

136 3277 205 3320 nem
224 3260 308 3320 brevi
328 3271 517 3338 pervenerat,
546 3271 580 3324 ut
599 3263 707 3323 nostris
727 3261 916 3324 vehementer
937 3278 1038 3331 carus,
1058 3261 1120 3323 Nu·

110 3345 275 3405 amantints
296 3362 433 3407 maxumo
455 3349 571 3408 terrori>
585 3354 670 3410 esset.
713 3347 755 3408 Ac
773 3363 853 3416 sane,
876 3345 954 3425 quod
976 3344 1121 3407 difficillu-

136 3444 219 3486 mum
230 3428 259 3487 ιιι
275 3429 377 3505 primis
391 3436 442 3501 est,
466 3438 495 3493 ιι
509 3431 622 3511 proelio
639 3437 776 3493 strenuus
797 3437 861 3493 erat
883 3436 911 3491 et
930 3429 1028 3490 bonus
1050 3445 1120 3490 con·

59 3554 121 3640 ἱ
