2378 3864
128 178 169 237 44
336 193 379 234 bn
401 192 504 235 ormo
525 190 736 234 wornrnmo.
754 191 783 232 o.
801 184 843 238 13.
861 183 902 235 14.

100 341 258 402 otendere.
298 340 349 402 Set
363 339 415 401 ubi
428 357 477 402 res
497 340 534 400 ad
553 347 702 401 certamen
716 339 803 409 venit,
826 340 919 400 victus
939 358 976 400 ex
995 338 1109 418 proelio

103 424 258 502 oprolugit
278 424 308 484 in
322 424 502 502 provinciam
517 441 552 485 ae
575 423 680 484 deinde
696 421 823 483 Romam
841 423 998 484 contendit.
1036 423 1112 485 Tum

128 507 268 586 Iugurtha
286 509 407 587 patratis
428 506 568 576 consiliis,
593 512 746 585 postquam
766 508 846 567 omni
860 505 996 567 Numidia
1017 509 1109 585 potie-

128 591 229 660 batur,
250 593 281 650 in
302 592 360 652 otio
383 590 496 651 lacinus
511 607 598 650 snum
613 608 682 651 cum
699 591 796 652 animo
820 596 976 668 reputans,
1006 590 1112 652 timem

50 674 54 681 '
128 673 270 752 populum
292 674 457 733 Romanum
478 690 574 752 neque
592 672 733 733 advorsus
749 673 825 733 iram
839 675 901 733 eius
917 690 1046 752 usquam
1058 674 1131 734 nisio

103 759 159 819 oin
181 757 297 817 araritIa
323 755 479 816 nobilitatis
501 762 530 816 et
549 756 675 833 pecunia
690 772 743 816 sua
763 772 847 833 spem
861 754 982 817 habere.
1011 756 1113 835 ltaque

128 841 229 918 paucis
238 839 341 900 diebus
352 857 419 901 cunr
429 857 502 900 auro
514 844 543 900 et
553 844 674 916 argento
685 837 777 899 multo
785 838 910 899 Romam
919 837 1034 916 legatos
1048 842 1113 900 mit·

129 926 177 992 tit,
197 924 261 1002 quis
282 924 438 1002 praecipit,
460 924 589 1001 prImum
610 923 654 982 uti
675 928 789 983 veteres
810 924 920 985 amiam
940 923 1113 985 muneribus

129 1005 279 1084 expleant,
303 1006 408 1068 deinde
428 1024 518 1066 noros
539 1005 709 1085 adquirant,
736 1011 886 1084 postremo
909 1024 1113 1086 quaecumque

104 1091 242 1168 tpossint
262 1090 417 1167 largiundo
439 1108 545 1169 parare
565 1108 603 1150 ne
624 1094 808 1152 cunctentur.
853 1089 904 1151 Set
922 1088 974 1150 ubi
988 1089 1140 1151 Romamn

129 1173 217 1252 legati
233 1191 341 1235 venere
355 1181 386 1234 et
400 1191 436 1236 ex
451 1180 608 1253 praecepto
622 1174 701 1250 regis
714 1172 878 1251 hospitibus
892 1172 1023 1251 aliisque,
1041 1192 1113 1253 quc·

43 1285 47 1292 ·
130 1274 197 1318 rum
212 1276 246 1319 ea
260 1264 431 1336 tempestate
445 1259 475 1319 in
486 1264 590 1318 senatu
604 1258 761 1319 auctoritas
774 1255 911 1336 pollebat,
926 1272 1034 1335 magna
1049 1272 1113 1318 mu·

130 1359 201 1402 nera
210 1342 326 1412 misere,
341 1348 421 1403 tanta
433 1343 610 1403 conmutah'o
624 1342 751 1410 incessit,
766 1346 799 1401 ut
810 1359 846 1402 ex
860 1358 997 1401 maxuma
1008 1341 1113 1401 invidia

104 1427 161 1485 8in
173 1428 298 1504 gratiam
312 1432 342 1488 et
356 1426 486 1488 levorem
501 1425 659 1486 nobilitatis
673 1423 814 1500 Iugurtha
829 1426 950 1486 veniret
978 1424 1111 1496 Quorum

131 1526 200 1587 pars
215 1527 268 1588 spe
301 1508 348 1570 alii
363 1512 494 1589 praemio
512 1509 624 1571 inducti
641 1508 771 1584 singulos
786 1527 822 1570 ex
836 1514 943 1570 senatu
953 1507 1112 1570 ambiundo
1121 1526 1142 1568 u

105 1592 316 1663 enitebantur,
339 1612 378 1655 ne
392 1596 509 1671 gravius
523 1594 553 1653 in
569 1610 637 1654 eum
652 1590 865 1653 consuleretur.
898 1591 990 1669 Igitur
1004 1591 1058 1653 ubi
1070 1592 1113 1654 le·

132 1677 190 1753 gati
211 1678 280 1737 satis
301 1677 465 1746 confidunt,
487 1676 533 1737 die
548 1675 703 1736 constituto
726 1681 845 1736 senatus
863 1677 996 1754 utrisque
1015 1675 1111 1738 datur.

132 1759 208 1819 Tum
229 1759 424 1821 Adherbalem
440 1760 498 1821 hoc
518 1759 607 1820 modo
623 1758 755 1819 locutum
777 1760 960 1838 accepimus:

85 1839 121 1897 ¹4
208 1843 329 1904 fraces
351 1845 523 1921 conscripti,
547 1843 666 1922 Micipsa
686 1849 770 1920 pater
784 1861 875 1904 *meus
894 1842 1024 1903 moriens
1043 1843 1113 1904 mihi

132 1928 296 2004 praecepit,
319 1928 362 1987 uti
377 1928 463 2004 regni
477 1926 629 1988 Numidiae
645 1932 759 1987 tantum
773 1927 860 1987 modo
875 1928 1143 2005 procurationemu

18 2059 23 2070 .
133 2010 339 2073 existumarem
354 2029 459 2079 meam,
474 2016 607 2072 ceterum
616 2010 662 2070 ius
673 2016 702 2071 et
712 2011 869 2089 imperium
877 2012 940 2072 eius
955 2028 1047 2088 penes
1064 2027 1114 2071 ros

134 2111 214 2163 esse,
238 2093 323 2155 simul
337 2095 465 2156 eniterer
479 2095 558 2155 dorni
579 2093 755 2173 militiaeque
777 2112 866 2174 quam
888 2111 1026 2154 maxumo
1048 2096 1113 2156 usui

134 2194 198 2239 esse
219 2179 329 2257 populo
350 2179 498 2247 Romano,
515 2195 566 2239 ros
587 2177 659 2239 mihi
678 2183 880 2255 cognatorum,
903 2194 955 2238 ros
974 2177 1114 2238 adfinium

131 2259 198 2320 loco
220 2261 375 2324 ducerem:
398 2263 423 2322 si
444 2279 478 2323 ea
499 2262 642 2332 iecissem,
658 2262 688 2323 in
707 2269 804 2323 rostra
823 2263 946 2323 amicitia
969 2263 1114 2322 exercitus

106 2344 246 2405 adivitias
271 2347 450 2406 munimenta
462 2348 547 2424 regni
578 2346 816 2408 mebabiturum.
849 2346 930 2419 Quae
945 2363 1013 2406 cum
1026 2363 1144 2423 prae-ss

85 2447 93 2460 ·
134 2435 217 2507 cepta
238 2430 368 2509 parentis
381 2431 439 2491 mei
456 2431 606 2508 agitarem,
624 2429 775 2508 Iugurtha,
790 2429 879 2490 homo
893 2429 1025 2489 omnium
1040 2447 1115 2508 quos

133 2519 214 2573 terra
227 2515 350 2575 sustinet
362 2512 622 2583 sceleratissumus,
638 2513 1042 2591 contemptoimperiovostro
1053 2512 1115 2572 lda-

40 2667 42 2672 ,
133 2597 253 2658 sinissae
268 2616 316 2658 me
331 2603 469 2675 nepotem
483 2604 513 2658 et
525 2600 584 2658 iam
597 2597 634 2658 ab
652 2598 742 2674 stirpe
758 2596 870 2655 socium
887 2601 973 2672 atque
985 2596 1115 2656 amicum

133 2679 234 2756 populi
248 2679 372 2740 Romani
386 2695 478 2755 regno
493 2678 676 2756 fortunisque
696 2675 832 2739 omnibus
852 2675 972 2755 expulit.

107 2773 123 2823 3
217 2761 311 2840 Atque
328 2777 397 2838 ego,
415 2771 514 2839 patres
528 2761 698 2838 conscripti,
722 2759 859 2838 quoniam
874 2776 910 2819 eo
924 2759 1148 2827 miseriarumeo

132 2849 272 2905 venturus
293 2861 389 2912 eram,
410 2842 514 2905 vellem
534 2844 630 2922 potius
650 2842 688 2903 ob
708 2859 774 2902 mea
799 2859 887 2921 quarn
907 2840 944 2901 ob
966 2842 1115 2906 maiorum

134 2943 268 2987 meorum
284 2922 418 2988 benificia
437 2945 557 3007 possem
571 2945 588 2988 a
604 2926 687 2990 vobis
705 2925 845 2987 auxillum
858 2932 969 3005 petere,
993 2944 1028 2987 ae
1049 2946 1113 2990 ma·

134 3027 222 3072 xume
242 3008 344 3072 deberi
362 3011 433 3072 mihi
447 3010 580 3073 benificia
594 3031 612 3073 a
628 3009 738 3089 populo
755 3009 897 3081 Romano,
921 3009 1029 3090 quibus
1051 3029 1112 3073 non

135 3111 267 3174 egerem,
290 3093 453 3157 secundum
475 3114 523 3166 aa,
546 3097 572 3157 si
592 3093 785 3157 desideranda
812 3102 912 3165 eraut,
941 3096 984 3155 uti
1006 3094 1113 3157 debitis

110 3185 243 3240 tutarer.
278 3177 329 3240 Set
348 3180 487 3257 quomam
511 3197 616 3258 parum
634 3187 696 3241 tuta
709 3197 763 3258 per
785 3196 816 3240 se
832 3181 894 3257 ipsa
913 3178 1044 3258 probitas
1059 3188 1146 3251 esto

135 3280 231 3341 neque
250 3261 321 3323 mibi
340 3263 371 3322 in
390 3280 479 3325 manu
495 3263 549 3325 luit
562 3263 703 3342 Iugurtha
720 3263 812 3342 qualis
826 3263 912 3333 leret,
927 3263 965 3324 ad
978 3280 1029 3324 ros
1043 3280 1114 3323 con·

136 3346 207 3425 lugi,
223 3353 322 3425 patres
337 3348 503 3427 conscripti,
519 3348 634 3426 quihus,
657 3347 735 3428 quod
752 3346 824 3408 mihi
838 3349 1045 3408 miserrumum
1060 3353 1113 3416 est,

137 3446 227 3507 cogor
248 3432 331 3509 prius
353 3433 436 3493 oneri
458 3449 545 3511 quam
561 3433 628 3492 usui
648 3448 721 3493 esse.
