2378 3864
152 195 185 238 iv
555 195 740 238 PRAEFATIO.

154 310 257 360 ulterius
275 308 318 371 (G)
330 310 357 360 in
370 319 472 364 actores
483 311 651 371 consentiant,
669 326 720 360 non
734 311 795 360 nulli
807 319 904 361 tantum
916 327 949 364 ex
966 312 1014 362 hoo
1027 322 1146 366 auctores

154 378 306 442 praebeant,
325 393 370 428 our
387 380 427 429 bis
446 395 522 443 quam
540 379 590 429 illie
608 379 691 444 magis
710 379 901 440 obsequendum
913 382 948 428 sit
959 381 1096 445 perspicio.
1109 410 1144 420 -·

154 446 216 503 8,b.
236 444 309 503 Quod
327 447 354 494 in
371 446 390 496 P
409 463 482 513 qaae,
509 461 560 496 non
579 462 628 512 pao
646 455 693 505 eat,
720 446 849 511 idipsum
866 449 1011 508 memorii,
1036 460 1063 497 ut
1081 450 1143 499 Ger-

153 511 229 561 laohii
253 514 456 564 emendationem
478 513 634 564 retinendum
664 522 788 579 putarem.
828 511 880 562 Nec
902 515 993 563 desunt
1015 518 1143 581 exempla,

154 594 219 640 quae
236 580 263 628 in
281 580 418 647 archetypo
437 596 534 630 morem
552 582 622 630 illum
641 579 778 640 scribundl,
799 595 850 642 quo
870 582 971 631 eaedem
989 582 1085 631 litterae
1104 585 1145 636 bis

153 647 288 712 ponendae
305 648 383 697 semel
402 650 453 699 scri
473 659 513 698 tae
531 657 679 698 notarentur
701 647 787 712 siglis,
812 647 973 698 observatum
997 648 1077 699 inisse
1100 651 1145 701 de-

153 720 302 764 tnaustreut
315 742 348 752 —
367 719 391 776 6,
405 719 428 767 8.
448 664 480 765 gt
492 715 569 765 verba
584 716 623 766 'ita
634 715 704 765 breui
714 716 844 765 multitado
857 717 975 779 dispersa
990 724 1066 781 atque
1079 736 1146 784 uaga

153 783 291 832 eoncordia
308 785 396 833 civitas
411 784 484 848 (bata
502 789 559 833 erat
576 783 625 832 hoo
642 783 700 846 ipso
719 782 774 831 looo
794 781 931 831 inseranda
949 797 1087 850 censerem,
1114 802 1145 837 ue

154 849 191 898 eis
201 849 313 913 quidem,
332 849 428 913 quael.
451 850 534 900 Herm.
549 851 587 900 ta
605 865 632 914 p.
641 850 691 900 248
700 864 756 911 sqq.
769 849 919 914 disputavit,
939 849 1063 900 adductus
1077 869 1144 906 sum.

154 913 210 966 Non
228 917 330 967 invideo
352 919 375 968 ai
416 918 457 967 uis
475 916 580 967 Sallusti
605 931 634 965 ea
656 931 714 966 esee
736 916 887 966 contendere
904 917 1009 978 audeat,
1037 928 1063 967 et
1084 935 1144 969 cum

155 983 313 1046 Augustinus
332 999 362 1034 es
380 933 414 1035 ,2
429 984 602 1034 inlustrandae
621 984 759 1034 sententiaa
778 981 882 1033 Sallusti
899 981 940 1049 (0.
953 987 977 1043 9,
991 984 1016 1048 8)
1037 996 1061 1035 et
1073 985 1144 1037 Cice-

154 1051 224 1099 ronis
243 1050 396 1114 adhibuerit,
419 1053 585 1117 inpromptu
604 1060 642 1101 est
659 1050 785 1116 suspicari
803 1065 832 1099 ea
850 1050 881 1100 ab
899 1050 1002 1101 homine
1024 1054 1099 1103 docto
1118 1056 1144 1104 in

153 1116 305 1167 lectitatione
323 1120 462 1184 Augustini
479 1120 543 1168 bene
560 1127 663 1168 vorsato
686 1119 713 1166 iu
734 1119 850 1184 margine
867 1120 1019 1184 exemplaris
1038 1122 1078 1169 sui
1097 1123 1143 1172 ad-

154 1185 260 1249 scripta,
279 1186 306 1233 in
324 1195 421 1235 textum
439 1200 579 1251 paucorum
597 1186 718 1235 librorum
737 1185 814 1235 inlata
826 1201 891 1236 esse.
920 1184 964 1235 Set
975 1186 1037 1248 quid
1056 1191 1142 1254 suspi-

153 1253 225 1301 cione
242 1253 380 1302 advorsum
397 1254 573 1319 suspitionem
590 1268 706 1319 pugnare
723 1253 812 1303 iuvat?
844 1251 1012 1303 Concederem
1031 1254 1141 1317 facilius,

154 1321 176 1369 si
190 1317 294 1369 Sallusti
314 1321 421 1371 orationi
439 1321 536 1383 aliquid
554 1321 644 1372 deesse
662 1321 766 1386 planum
784 1320 879 1370 lactum
891 1331 966 1371 esset.
991 1322 1023 1371 At
1035 1338 1067 1370 ex
1080 1325 1143 1373 Tro·

153 1387 220 1437 ianis
240 1396 265 1437 et
282 1388 466 1454 Aboriginibus
484 1403 563 1439 unum
581 1388 715 1454 populum,
738 1404 765 1438 er
785 1402 800 1437 o
824 1388 950 1437 civitatem
968 1387 1060 1438 luctam
1085 1407 1141 1441 esse

153 1457 746 1575 renitentia‘anniam
762 1403 1143 1575 iiiiiimiiam

154 1559 331 1654 pronominum
349 1539 607 1640 demoirst'rativorurg
626 1605 697 1648 usus,
721 1597 748 1638 nt
767 1604 798 1637 ex
816 1557 976 1654 praegressis
1000 1592 1142 1642 membrum

154 1657 343 1706 consecutivum
360 1667 444 1706 mente
461 1666 582 1706 teneatur.
618 1655 685 1713 Quid
703 1664 786 1704 autem
807 1655 857 1704 hoc
874 1666 926 1707 eat:
953 1665 1049 1705 uttam
1068 1658 1142 1709 facile

153 1723 332 1790 coalescerent,
351 1740 381 1774 eo
395 1723 509 1774 eiieotum
528 1732 575 1783 est,
595 1723 664 1785 quod
681 1723 796 1771 brevi-
827 1737 854 1771 er
871 1723 1033 1772 concordiam
1051 1727 1141 1777 civitas

153 1789 221 1840 iacta
238 1793 308 1840 erati
327 1816 360 1826 -—
382 1792 406 1852 8,
419 1793 443 1842 2.
465 1789 549 1841 Semel
566 1803 667 1850 moneo,
686 1797 714 1839 at
730 1789 756 1838 ln
775 1804 790 1838 o
834 1789 958 1856 ograplsie
976 1792 1069 1855 ubique
1087 1794 1142 1842 lor-

153 1857 212 1907 duni
230 1860 339 1924 vestigia
356 1874 506 1924 premerem,
524 1872 554 1908 eo
572 1857 657 1906 miuus
675 1871 716 1907 me
732 1866 830 1906 motum
842 1873 908 1919 esee,
927 1859 996 1921 quod
1009 1859 1079 1909 illum
1092 1862 1141 1910 sibi

152 1939 201 1975 non
215 1927 360 1991 constitisse
371 1926 492 1976 uiderem.
512 1923 555 1974 stc
565 1926 710 1989 magnificus
723 1925 797 1974 initio
815 1934 960 1975 constanter
978 1926 1090 1992 scripsit,
1109 1931 1140 1977 ab

154 2008 178 2057 p.
191 1995 224 2044 80
242 1994 335 2055 ubique
352 1995 511 2059 mapnnflcue,
535 2002 559 2041 et
581 2005 638 2040 oum
655 1992 681 2040 in
699 2005 820 2041 maxuma
842 1993 962 2043 editionis
985 2004 1057 2059 parte
1075 1997 1139 2044 anti-

153 2075 217 2122 quas
235 2060 330 2110 iormas
347 2061 434 2124 plebes
452 2069 476 2109 et
493 2059 577 2123 plebei
593 2058 746 2124 expulisset,
763 2058 796 2108 ad
814 2074 856 2108 eas
869 2069 999 2124 postremo
1011 2062 1093 2111 rediit.
1108 2089 1139 2099 —

155 2129 194 2188 11,
208 2128 232 2180 i.
251 2127 409 2190 Quamquam
427 2141 503 2189 quam
521 2141 599 2191 saepe
616 2141 631 2176 e
648 2135 673 2175 et
686 2127 710 2191 t,
727 2126 754 2175 in
772 2128 993 2178 terminationibus
1011 2143 1140 2194 maxumo,

153 2193 260 2244 confusa
278 2197 338 2253 sint,
355 2195 404 2243 dioi
424 2194 467 2243 vix
484 2203 578 2258 potest,
597 2208 704 2256 eamque
722 2193 754 2244 ob
772 2208 876 2244 causam
895 2199 1061 2260 temperarint
1077 2198 1141 2245 scri-

152 2263 211 2311 bere
229 2277 261 2312 ne
283 2276 331 2328 pro
354 2260 529 2310 emendatione
552 2260 655 2323 quidem
677 2261 835 2322 habendum,
861 2271 945 2311 tamen
967 2277 999 2312 ue
1017 2261 1139 2313 Sallustio

152 2343 222 2378 meas
242 2329 376 2392 opiniones
395 2327 529 2377 obtrudere
547 2329 654 2389 viderer,
672 2335 844 2394 temperarent
858 2344 926 2379 nunc
937 2329 1038 2390 retinui,
1057 2342 1096 2380 eet
1113 2341 1141 2381 ut

152 2405 219 2445 recte
236 2396 302 2445 coni.
319 2393 384 2460 inpi.
402 2394 582 2461 explicaretur,
600 2396 740 2446 membrum
761 2410 776 2445 a
794 2411 841 2462 pra
875 2407 948 2447 resno
966 2398 1083 2464 graviore
1101 2399 1140 2446 in-

153 2463 249 2512 cisione
266 2463 437 2527 separandum
455 2464 553 2529 putavi.
576 2490 610 2502 -
632 2466 711 2525 18,1.
728 2471 861 2514 commata
897 2471 1043 2525 contracto,
1070 2465 1140 2526 quod

152 2531 212 2592 quis
228 2530 310 2594 magis
329 2531 459 2596 poeticum
481 2541 520 2582 eet
541 2532 626 2582 reieci.
671 2530 902 2590 Setinira28,11
921 2531 1058 2578 etiamnum
1076 2531 1140 2581 Gro-

152 2597 221 2647 novii
239 2597 441 2649 emendationem
459 2600 621 2649 extrudendo
638 2599 728 2664 probo.
747 2621 779 2632 -·
799 2599 839 2655 14,
850 2599 872 2645 1.
892 2603 1015 2661 tamqnam
1032 2600 1140 2662 stipato·

152 2661 215 2729 rum]
236 2663 359 2715 Binsieid.
377 2665 443 2714 Mus.
462 2664 543 2714 Rhen.
562 2663 653 2715 XXIS
670 2679 697 2729 p.
709 2660 760 2712 481
772 2677 810 2724 sq.
829 2669 953 2728 tamquam
969 2665 1138 2727 stipationem,

152 2756 185 2767 -
203 2731 243 2790 tt,
257 2733 280 2782 b.
299 2738 384 2782 amate
401 2746 433 2782 ex
451 2746 527 2780 versu
544 2731 660 2792 sequenti
682 2729 789 2794 petitum
812 2742 869 2778 ease
887 2728 996 2778 iordano
1018 2733 1139 2782 concedo.

152 2825 183 2836 -·
203 2800 243 2859 15,
256 2800 280 2850 8.
297 2800 423 2862 Mauris
439 2796 593 2863 maturandi]
611 2799 713 2860 fucinus
729 2797 875 2846 warandi
890 2797 908 2846 1.
928 2811 960 2844 ex
977 2810 1002 2861 p.
1021 2795 1066 2846 Set
1082 2813 1137 2846 cum

152 2865 234 2931 prima
246 2880 337 2916 monus
348 2868 375 2916 in
385 2866 404 2915 Ρ
414 2868 515 2930 faciam
526 2866 684 2915 maturasda
701 2862 829 2923 exhibeat,
848 2872 932 2913 utrum
950 2862 1003 2912 veri
1020 2864 1137 2928 similius,

152 2935 261 2983 scribam
279 2935 388 2997 quaein
406 2934 543 2998 archetypo
566 2947 613 2982 sno
636 2941 731 2990 essent,
754 2939 822 2980 recte
844 2930 928 2996 legere
949 2945 999 2981 non
1023 2933 1139 2998 potuisse

152 3015 259 3062 eamque
276 3001 309 3050 ob
326 3010 430 3050 oausam
448 3001 474 3050 in
492 3015 543 3050 uno
561 3001 646 3050 codice
664 3007 774 3050 aratum
792 3013 858 3059 esse,
883 3014 915 3049 an
935 3012 1022 3048 omnes
1041 3008 1138 3050 ceteros

148 3083 184 3118 ex
201 3069 322 3118 audacter
338 3077 455 3118 connecto
468 3067 607 3134 exemplari
619 3066 744 3116 linxisse?
757 3092 790 3101 —
810 3067 882 3132 18,1.
901 3066 949 3124 Qui
962 3062 994 3115 ub
1007 3062 1137 3116 Diomedis

153 3135 227 3185 Adam
244 3144 333 3187 contra
351 3151 438 3186 omnes
456 3135 534 3184 libros
551 3138 580 3186 in
598 3134 773 3200 petransibunt,
791 3148 877 3182 nonne
894 3134 970 3183 etium
988 3133 1138 3184 brevissume

148 3204 285 3254 abeodem
297 3203 417 3252 traditum
431 3217 478 3267 pro
490 3205 625 3255 oemmme
636 3203 750 3266 recipere
758 3200 876 3251 debebit?
886 3226 918 3236 -
932 3201 1000 3261 18,8.
1010 3199 1046 3250 De
1055 3203 1137 3250 verbis

150 3273 220 3336 aaut
227 3297 261 3308 —
270 3272 410 3337 nequiverit
422 3270 535 3335 suspicio
548 3285 605 3320 mea
617 3268 677 3318 mihi
690 3268 802 3318 nondum
821 3268 948 3332 adempta.
975 3268 1069 3319 Romae
1087 3271 1137 3319 iam

150 3338 177 3386 in
188 3338 301 3402 eniteat
313 3339 458 3388 reieceram.
472 3360 505 3374 -
523 3338 595 3399 18,8.
613 3337 745 3386 Lacunam
763 3350 821 3385 esse
837 3336 974 3386 etiamnum
992 3351 1093 3387 censeo.
1106 3364 1137 3373 -

153 3406 229 3468 18,11.
240 3413 299 3457 ante
310 3408 336 3456 in
349 3405 467 3456 omnibus
476 3403 547 3454 libris
565 3417 612 3470 pro
625 3410 701 3454 autea
713 3404 836 3469 scriptum
848 3417 914 3464 esse,
932 3402 1017 3452 silenti
1028 3404 1137 3454 lordono

148 3471 740 3538 duodoni-iio‚'l.eetem'omnes,ttrenatbont.
750 3467 1136 3537 mmesasqmtpmmes]t.es
