2378 3864
162 200 205 241 on
228 199 401 242 carinium
425 196 666 242 comvnamoun
686 197 715 242 c.
737 192 781 244 55.
802 191 846 247 56.
865 192 908 248 57.
987 184 1027 247 33
1118 181 1122 194 ³

45 347 222 426 subplicium
232 344 398 424 postvdabat
407 363 514 423 parare
526 345 622 408 iubet:
637 348 700 424 ipse
715 348 866 424 praesidiis
883 350 1055 428 dispositisa

45 431 201 494 lentulum
219 433 250 491 in
270 446 420 490 carcerem
440 429 572 493 deducit:
591 431 669 492 idem
689 431 723 490 fit
744 432 849 493 ceteris
867 451 921 511 per
942 452 1028 512 prae·

45 527 134 577 tores.
164 515 216 576 Est
230 515 260 574 in
276 511 503 583 carcerelocus,
523 514 600 593 quod
614 513 779 576 Tullianum
795 516 966 594 adpellatur,
978 518 1057 580 uhta

45 598 197 677 paululum
222 599 391 661 ascenderis
418 599 456 662 ad
482 596 609 667 laevam,
632 599 748 660 circiter
763 599 918 662 duodecim
938 600 1029 679 pedes

44 683 128 745 humi
145 684 313 760 depressus.
344 682 420 742 Eum
439 683 575 743 muniunt
593 683 722 762 undique
739 685 867 760 parietes
881 692 968 764 atque
986 685 1056 745 iri-4

45 785 136 845 super
158 784 275 830 camera
296 764 417 843 lapideis
439 765 600 827 fornicibus
619 767 732 836 iuncta,
756 774 801 828 set
820 767 931 830 incultu
949 775 1029 831 tene·

45 851 107 912 bris
129 851 222 915 odore
243 849 329 912 foeda
351 857 438 930 atquo
459 849 598 912 torribilis
620 851 682 911 eius
703 850 792 912 facies
817 859 869 914 est.
906 852 940 913 ln
962 866 1057 916 eume

44 935 144 998 locum
166 943 323 1015 postquam
349 935 494 996 demissus
520 941 564 995 est
583 933 739 1005 Lentvdus,
766 933 908 1016 [vindices
928 955 1030 998 rerum

46 1018 230 1101 capitalium]
252 1017 359 1098 quibus
378 1026 570 1097 praecaptum
591 1026 655 1081 evat
668 1018 773 1097 laqvico
788 1019 887 1098 gulam
902 1021 1029 1100 fregere.

44 1102 88 1165 lta
103 1103 153 1165 ille
171 1105 311 1182 patricius
331 1121 368 1164 ex
382 1110 469 1182 gente
482 1100 652 1164 clarissuma
668 1101 881 1174 Corneliorum,
894 1106 944 1185 qui
962 1110 1059 1166 con-6

45 1187 145 1250 solare
163 1189 322 1266 imperium
333 1187 444 1249 Romae
459 1185 619 1255 habuerat,
641 1186 760 1264 dignum
781 1187 914 1250 moribus
934 1189 1030 1250 factis-

47 1288 105 1350 que
121 1273 182 1332 suis
198 1272 318 1333 exitium
333 1273 408 1332 vitae
428 1270 544 1331 invenit.
575 1269 617 1330 lle
634 1268 763 1348 Cethego
781 1269 892 1332 Statilio
908 1272 1030 1333 Gabinio

46 1354 188 1433 Caepario
206 1356 311 1417 eodem
331 1355 419 1417 modo
440 1352 616 1430 subplicium
633 1361 783 1431 sumptum
798 1362 850 1414 est.

47 1484 61 1501 ..
131 1438 208 1501 Dum
220 1457 253 1500 ea
264 1438 375 1500 Romae
386 1445 542 1517 geruntur,
559 1435 727 1498 Catilinam
743 1439 823 1498 omni
838 1439 930 1516 copia,
943 1457 1029 1516 quam
1042 1441 1084 1502 56

46 1532 76 1585 et
97 1524 162 1600 ipse
180 1523 341 1584 adduxerat
361 1530 391 1583 et
406 1521 530 1582 Manlius
545 1519 702 1591 habuerat,
720 1520 792 1582 duas
808 1519 938 1600 legiones
950 1523 1031 1584 insti-

46 1608 110 1676 tuit,
135 1606 264 1667 cohortis
283 1624 339 1685 pro
354 1624 478 1668 numero
494 1604 619 1666 militum
634 1603 761 1683 conplet.
778 1605 891 1668 Deinde
905 1612 939 1666 ut
954 1607 1059 1684 quis-2

47 1709 105 1770 que
120 1690 302 1752 voluntarius
323 1698 375 1753 aut
395 1708 432 1751 ax
454 1690 541 1750 sociis
562 1690 592 1749 in
613 1697 709 1750 castra
731 1698 851 1752 venerat
872 1689 1032 1770 aequaliter·

47 1775 246 1845 distribuerat,
266 1793 302 1836 ac
314 1774 398 1836 brevi
412 1775 505 1853 spatio
519 1772 650 1851 legiones
668 1791 794 1835 numero
812 1774 965 1836 hominum
983 1795 1032 1837 ex·

47 1859 186 1936 ploverat,
211 1877 278 1920 cum
295 1859 377 1920 initio
390 1875 451 1918 nou
469 1856 596 1935 amplius
608 1857 722 1918 duobus
743 1857 860 1919 milibus
874 1858 1032 1921 habuisset.

47 1943 99 2005 Sat
111 1961 149 2004 ex
161 1944 240 2004 omni
252 1944 335 2021 copia
350 1943 466 2003 circiter
478 1958 549 2020 pars
563 1949 667 2021 quarta
684 1950 748 2003 crat
758 1941 932 2006 militaribus
944 1945 1059 2004 armis3

46 2028 206 2096 instructa,
236 2028 327 2089 ceteri
346 2034 379 2088 ut
399 2044 547 2107 quemque
569 2043 654 2087 casus
674 2035 839 2087 armaverat
859 2043 962 2104 sparos
982 2038 1033 2088 ant

45 2111 174 2181 lanceas,
195 2110 243 2172 alii
257 2119 430 2189 praeacutas
447 2110 528 2172 sudis
547 2109 711 2188 portabant.
745 2110 796 2170 Set
808 2118 964 2190 postquam
975 2112 1061 2171 ilo-4

45 2196 146 2256 tonius
169 2213 236 2257 cum
259 2197 390 2258 exercitu
410 2193 597 2263 adventabat,
628 2192 748 2255 Catilina
771 2211 826 2272 per
851 2196 958 2255 montis
979 2197 1034 2256 iter

46 2279 161 2351 facero,
185 2279 273 2341 modo
315 2281 353 2341 ad
374 2279 481 2341 urbem
502 2278 590 2338 modo
611 2279 642 2339 in
666 2277 788 2340 Galliam
810 2295 914 2341 vorsus
939 2288 1034 2341 castra

46 2381 179 2432 movere,
196 2363 330 2426 hostibus
347 2364 532 2425 occasionem
547 2361 698 2440 pugnandi
712 2379 771 2423 non
790 2363 877 2424 dare:
897 2363 1035 2442 sperabat

46 2447 234 2527 propediem
251 2466 372 2527 magnas
393 2447 492 2525 copias
506 2462 571 2506 sese
584 2444 771 2515 habiturum,
793 2447 818 2506 si
835 2446 948 2508 Romae
962 2450 1034 2508 socii

46 2534 163 2611 incepta
176 2534 377 2610 patravissent.
392 2532 508 2593 Interea
521 2530 636 2591 servitia
651 2527 839 2606 repudiabat,
857 2530 940 2590 cuius
953 2531 1061 2592 initiet

46 2615 84 2677 ad
106 2633 176 2677 eum
198 2634 321 2695 maguae
338 2618 439 2695 copiae
453 2612 677 2682 concurrebant,
701 2611 807 2692 opibus
826 2613 1034 2676 coniurationis

47 2701 157 2769 fretus,
187 2699 273 2762 simul
301 2701 428 2763 alienum
449 2700 509 2762 suis
529 2695 692 2759 rationibus
719 2697 913 2768 existumans,
942 2699 1034 2761 videri

48 2803 170 2848 causam
205 2785 311 2846 civium
333 2803 400 2846 cum
422 2785 513 2852 servis
535 2781 660 2862 fugitivis
681 2782 939 2844 conmunicavisse.
983 2783 1034 2845 Set
1045 2784 1086 2844 57

47 2877 204 2948 postquam
222 2870 253 2928 in
273 2879 367 2931 castra
388 2870 507 2932 nuntius
524 2867 657 2945 pervenit
676 2865 788 2927 Romae
804 2868 1034 2930 coniurationem

47 2953 238 3030 patefactam,
257 2954 295 3015 de
318 2953 442 3015 Lentulo
467 2959 496 3014 et
517 2951 645 3029 Cethego
667 2950 830 3028 ceterisque
852 2969 926 3030 quos
945 2968 1035 3029 supra

47 3037 210 3098 memoravi
232 3037 409 3116 subplicium
430 3044 588 3115 sumptum,
612 3032 753 3113 plerique,
777 3052 851 3114 quos
866 3036 903 3096 ad
924 3035 1035 3098 bellum

48 3138 117 3198 spes
132 3122 304 3199 raphrarum
326 3129 376 3181 aut
389 3138 532 3182 novarum
553 3137 655 3182 rerum
670 3119 798 3180 studium
816 3119 974 3188 inlexerat,
991 3119 1033 3180 di-

47 3203 197 3276 labuntur,
213 3205 340 3267 relicuos
356 3204 475 3267 Catilina
491 3222 546 3282 per
567 3204 673 3264 montis
688 3221 808 3281 asperos
824 3205 936 3281 maguis
950 3204 1033 3264 itine-

47 3287 132 3350 ribus
153 3291 184 3349 in
210 3307 314 3368 agrum
335 3288 543 3350 Pistoriensem
561 3287 680 3349 abducit
701 3307 736 3348 eo
760 3287 894 3357 consilio,
919 3288 960 3348 uti
979 3305 1034 3365 per

47 3374 181 3433 tramites
195 3372 309 3435 occulte
325 3374 495 3453 perfugeret
511 3374 541 3433 in
564 3372 685 3436 Galliam
702 3368 964 3456 [transalpinam]
998 3373 1061 3431 Ata
1117 3448 1119 3453 ,

47 3455 83 3528 0.
94 3455 228 3518 blctellus
237 3456 322 3518 Celer
337 3476 404 3520 cum
418 3458 513 3520 tribus
523 3456 688 3536 legionibus
698 3459 726 3516 in
743 3471 814 3533 agro
825 3453 932 3517 Piceno
947 3473 1034 3534 prae·

99 3555 236 3607 Sancum.
370 3621 374 3624 ἢ
858 3555 878 3614 3
