2378 3864
207 207 250 248 or:
269 206 372 250 annuo
391 206 594 251 ruovermuo
618 207 645 251 c.
668 200 708 254 85.
732 200 775 255 86.
942 195 981 256 91

33 373 40 414 ι
57 361 87 415 et
102 352 230 432 ignavia,
250 373 406 433 pessumae
422 363 514 427 artes,
538 355 593 417 illis
631 357 680 436 quii
696 356 814 419 coluere
830 375 880 419 eas
912 359 984 421 nihil

33 438 149 507 »ficiunt
172 438 368 516 reipublicae
391 441 526 500 innoxiae
546 439 620 501 cladi
636 447 712 501 sunt.

82 520 169 583 Nunc
187 524 324 600 quoniam
340 522 404 593 illis,
429 530 570 603 quantum
585 525 643 585 mei
659 540 767 595 morea,
788 542 849 587 nou
865 526 1025 594 illorumte

34 606 105 683 gitia
117 604 287 682 poscebant,
299 607 447 685 respondi,
461 625 555 687 pauca
569 607 605 669 de
615 626 649 669 re
660 607 776 686 publica
790 608 903 689 loquar.
919 611 983 674 Pri·
992 634 1025 681 45

33 707 83 749 um
101 690 232 750 omnium
248 690 283 752 de
306 690 441 753 Numidia
467 692 579 755 bonum
601 692 709 754 habete
733 692 871 764 animum,
888 693 984 764 Quiri·

33 791 51 834 a.
81 771 157 834 Nam
172 791 247 852 quae
262 774 299 835 ad
314 774 371 835 hoc
381 781 498 852 tempus
508 773 680 852 Iugurtham
691 780 783 836 tutata
794 783 870 848 sunt,
884 780 982 840 omnia

33 857 172 925 morbus,
188 859 346 928 avaritiam,
358 858 531 936 inperitiam,
549 855 665 938 [atque]
677 858 855 938 superbiam.
870 860 981 924 Deinde
991 874 1024 925 46

33 941 147 1002 ,arcitus
159 939 201 1000 ibi
217 948 270 1011 est,
286 941 420 1002 locorum
431 942 535 1011 sciens,
552 947 596 1002 set
611 940 780 1003 mehercule
798 945 891 1022 magis
908 953 982 1008 atre·

33 1041 77 1085 ius
92 1041 180 1103 quam
201 1023 279 1086 felir.
308 1024 382 1086 Nam
400 1041 506 1101 magna
521 1041 591 1104 pars
607 1025 669 1086 eius
684 1027 802 1087 armitia
818 1036 869 1087 aut
890 1036 981 1090 teme·

33 1116 84 1169 ate
107 1107 216 1169 ducum
238 1107 343 1170 adtrita
362 1115 416 1169 est.
452 1108 680 1180 Quamobrem
698 1127 758 1180 vos,
781 1110 887 1189 quibus
908 1112 982 1174 mili·
992 1125 1025 1174 47

33 1193 68 1253 ris
90 1198 170 1260 aetas
192 1200 245 1262 est,
268 1192 431 1254 adnitimini
451 1210 568 1254 mecum
590 1199 619 1254 et
639 1194 780 1270 capessite
800 1211 865 1254 rem
886 1195 983 1274 publi·

33 1293 79 1336 m:
95 1292 192 1354 neque
208 1293 385 1356 quemquam
399 1294 435 1338 ex
452 1275 614 1338 calamitate
632 1275 814 1337 aliorumaut
825 1278 982 1355 imperato-

33 1377 65 1419 m
85 1357 223 1438 superbia
242 1361 338 1421 metus
360 1362 480 1441 ceperit.
525 1359 650 1439 Egomet
677 1361 707 1421 in
735 1361 851 1438 agmine
879 1365 982 1424 autin

34 1442 111 1504 cebo
128 1443 279 1503 consultor
295 1443 372 1505 idem
391 1451 419 1505 et
439 1445 537 1505 socius
558 1447 685 1524 periculi
711 1442 862 1505 vobiscum
881 1445 980 1517 adero,

33 1545 107 1605 eque
124 1543 235 1605 vosque
252 1527 282 1587 in
298 1526 434 1589 omnibus
448 1526 538 1590 rebus
552 1528 632 1588 iuxta
648 1543 758 1604 geram.
796 1527 834 1587 Et
847 1528 981 1606 proiecto
990 1537 1024 1588 48

35 1612 61 1672 is
83 1609 249 1672 iuvantibus
271 1613 368 1672 omnia
390 1617 608 1680 maturarunt,
633 1611 752 1672 victoria
773 1612 882 1689 praeda
908 1612 982 1677 laus.

33 1713 78 1757 rac
97 1696 122 1756 si
148 1694 236 1755 dubia
255 1702 306 1756 aut
325 1693 431 1773 procul
452 1702 563 1764 essent,
586 1701 684 1756 mmen
706 1695 800 1755 omnis
822 1694 916 1756 bonos
937 1699 982 1758 rei

33 1777 132 1840 blicae
148 1776 304 1840 subvenire
319 1778 450 1840 decebat.
480 1778 594 1840 Etenim
611 1795 698 1840 nemo
715 1778 828 1855 ignavia
838 1780 981 1841 inmorta·
991 1786 1025 1837 49

50 1863 144 1923 iectus
164 1869 221 1931 est,
250 1881 346 1942 neque
369 1863 522 1942 quisquam
543 1879 651 1942 parens
671 1861 773 1924 liberis
814 1865 857 1925 uti
872 1866 984 1926 aeterni

33 1955 97 2007 rent
130 1946 247 2024 optavit.
268 1948 361 2026 magis
375 1948 417 2008 uti
437 1945 508 2008 boni
527 1945 701 2025 honestique
716 1947 804 2008 vitam
821 1949 981 2026 exigerent.

33 2047 88 2091 ura
101 2030 238 2101 dicerem,
251 2028 392 2101 Quirites,
408 2031 433 2090 si
447 2031 554 2092 timidis
570 2032 707 2092 virtutem
721 2029 811 2091 verba
825 2030 1025 2094 adderent250

33 2131 68 2173 im
84 2114 212 2174 strenuis
233 2114 351 2176 abunde
372 2115 482 2176 dictum
503 2113 595 2191 puto!

85 2197 213 2258 Huiusce
230 2198 310 2259 modi
320 2199 453 2258 oratione
466 2196 565 2258 habita
579 2195 698 2268 Marius,
713 2205 871 2277 postquam
886 2198 984 2276 plebei
992 2199 1031 2264 86

33 2282 114 2342 imos
125 2281 260 2342 adrectos
273 2282 366 2351 videt,
381 2298 510 2359 propere
524 2288 693 2350 conmeatu,
711 2281 864 2361 stipendio,
882 2283 981 2352 armis,

33 2366 61 2426 is
81 2363 203 2426 utilibus
228 2366 309 2426 navis
337 2371 456 2429 onerat:
485 2382 552 2426 cum
573 2364 619 2425 his
635 2365 669 2425 l.
694 2364 833 2427 Manlium
854 2364 983 2443 legatum

33 2449 146 2510 *olicisci
163 2448 253 2511 iubet
297 2448 362 2527 lpse
390 2449 502 2510 interea
522 2447 627 2509 milites
647 2448 794 2519 scribere,
816 2465 877 2509 non
899 2466 1008 2514 morea

33 2534 144 2594 norum
166 2551 262 2613 neque
285 2551 320 2595 er
332 2532 482 2602 classibus,
498 2537 543 2593 set
563 2532 606 2592 uti
628 2533 770 2610 cuiusque
786 2529 887 2593 lubido
909 2540 981 2601 erat,

32 2618 94 2695 pite
116 2634 221 2678 censos
241 2616 408 2696 pleresque.
450 2614 484 2676 ld
505 2614 614 2676 lactum
633 2615 682 2676 alii
702 2616 800 2694 inopia
823 2614 1006 2686 bonorum,3

33 2703 46 2762 i
67 2718 122 2779 per
137 2700 325 2763 ambitionem
344 2698 472 2762 consulis
493 2698 703 2769 memorabant,
721 2699 801 2777 quod
820 2699 857 2760 ab
881 2717 916 2761 eo
931 2717 981 2778 ge·

33 2801 71 2845 re
92 2783 258 2846 celebratus
272 2791 434 2863 auctusque
451 2791 523 2852 erat,
545 2789 576 2844 et
588 2783 700 2844 bomini
716 2783 877 2860 potentiam
893 2800 982 2863 qliae·

33 2869 75 2928 nti
98 2869 312 2944 egentissumus
320 2869 446 2944 quisque
457 2867 744 2944 opportunissumus,
753 2867 800 2928 cui
817 2884 914 2948 neque
930 2884 983 2928 sua

33 2970 77 3021 ra,
94 2952 203 3031 quippe
218 2969 293 3030 quae
307 2950 387 3012 nulla
402 2957 479 3019 suut,
499 2957 529 3010 et
550 2950 647 3010 omnia
661 2967 729 3010 cum
744 2951 845 3029 precio
859 2951 983 3013 honesta

33 3035 143 3096 lentur.

83 3120 176 3198 lgitur
198 3119 307 3181 Marius
334 3136 402 3181 cum
429 3117 576 3197 aliquanto
604 3117 715 3178 maiore
740 3134 865 3180 numero
896 3135 1010 3196 quam4

33 3212 152 3266 cretum
175 3205 288 3265 eratin
309 3203 437 3265 Africam
457 3200 609 3280 proiectus
625 3200 726 3279 paucis
746 3200 848 3263 diebrrs
869 3203 984 3264 Uticam

33 3289 163 3350 lvehitur.
206 3288 359 3350 Exercitus
381 3289 409 3349 ei
429 3285 553 3346 traditur
576 3283 637 3345 aP.
653 3283 761 3346 Rutilio
783 3285 892 3365 legato:
912 3302 1008 3357 nam5

33 3373 134 3435 etellus
149 3379 339 3451 conspectum
348 3370 423 3433 llari
433 3369 557 3448 fugerat,
573 3385 612 3429 ne
621 3368 734 3431 videret
744 3387 787 3438 ea,
799 3385 875 3448 quae
886 3369 984 3432 audita

33 3459 117 3519 imus
130 3457 258 3518 tolerare
272 3457 452 3537 nequiverat.
