2378 3864
145 152 186 216 88
383 171 427 212 oa
448 168 551 211 nonno
573 165 774 211 :venenum
798 165 828 210 o.
849 158 894 211 tas.

118 327 177 383 aet
195 317 365 398 superbiam
387 325 511 379 aetatem
526 332 624 394 agere.
658 314 708 376 Set
729 314 801 375 mihi
823 322 926 376 contra
948 332 983 376 ea
1000 314 1121 379 videtur:

146 421 215 466 nam
240 421 300 483 quo
319 402 412 482 pluris
434 406 479 462 ast
500 401 638 462 univorsa
655 415 704 460 res
720 397 837 479 publica
853 415 941 478 quant
963 397 1122 462 oomubtus

147 495 197 550 aut
210 494 365 568 praetura,
388 502 423 546 eo
437 485 548 546 maiore
563 500 635 544 eura
648 481 727 543 illam
741 482 938 544 admbmuari
954 499 1044 562 quun
1057 484 1123 546 basa

120 583 137 635 a
146 574 206 653 peti
221 571 340 634 debere.
366 569 469 646 Neque
483 586 532 630 ma
547 566 633 636 lallit,
650 571 791 646 quantum
802 582 870 628 oum
877 563 1085 628 muunmben
1101 565 1126 633 i·

144 670 190 730 aio
201 671 301 726 rostro
313 657 413 735 negoti
430 656 599 716 sustineam.
615 648 729 712 Bellum
745 667 852 729 parare
867 649 954 711 simul
971 657 1002 712 et
1015 653 1141 714 amarior

145 757 280 820 parcere,
298 752 405 816 eogere
420 735 458 796 ad
473 735 602 795 militiam
618 751 670 795 eos
687 751 761 812 quos
774 733 850 795 nolis
864 733 1039 805 obtendere,
1052 736 1125 797 deni

147 824 277 903 forisque
297 821 395 882 omnia
407 836 528 888 aurare,
552 825 582 879 et
596 835 629 878 ea
645 835 734 896 agere
749 818 825 879 inter
841 816 955 879 invidos
971 835 1124 882 mursan-

121 910 183 970 ttis
205 907 341 968 laotiosos
356 905 507 983 opinione,
530 900 670 972 Quirites,
693 903 827 982 asperius
841 908 894 964 est,
927 900 972 962 dd
986 902 1062 973 boe,
1084 903 1125 965 alii

146 993 170 1052 si
185 989 352 1068 deliquere,
372 995 455 1049 vetus
472 985 627 1056 nobilitas,
648 984 794 1047 maiorum
808 984 895 1046 tortia
909 985 1001 1055 taeta,
1020 1004 1124 1066 eogun-

146 1084 244 1136 tomm
264 1079 294 1134 et
313 1071 451 1133 adfinium
480 1087 567 1149 opes,
595 1068 705 1131 mtdme
731 1069 896 1139 clientelae,
927 1071 1027 1132 omnia
1056 1071 1168 1140 baean,

146 1156 292 1237 praesidio
311 1157 433 1218 adsunt:
451 1153 523 1216 mibi
544 1168 612 1232 spes
631 1171 733 1215 omnes
760 1154 790 1214 in
812 1159 921 1216 memet
941 1154 1029 1224 sitae,
1060 1173 1126 1234 quas

147 1259 268 1304 neeesse
295 1247 338 1302 est
359 1241 465 1302 virtme
487 1249 516 1300 et
535 1239 701 1300 innocentia
720 1239 824 1300 tutari:
847 1256 916 1301 nam
937 1236 994 1299 alia
1013 1239 1126 1302 intima

123 1334 226 1392 esunt.
262 1325 299 1386 Et
313 1323 384 1386 illud
401 1322 547 1402 intellego,
570 1320 705 1392 Quirites,
723 1324 855 1383 omnium
869 1339 922 1382 ora
943 1322 974 1382 in
992 1339 1042 1386 me
1061 1341 1126 1386 oon·

148 1427 234 1470 uorsa
257 1426 339 1479 esse,
361 1424 471 1487 aequos
488 1406 641 1486 bonosque
661 1406 760 1468 lavere
784 1439 819 1451 -
836 1407 946 1487 quippe
966 1424 1035 1468 mea
1055 1407 1127 1470 bene

149 1494 226 1557 taeta
246 1494 290 1554 rei
310 1491 445 1571 publioae
466 1491 632 1568 procedunt
651 1523 705 1560 -,
727 1489 908 1552 nobilitatem
929 1490 1029 1562 locum
1052 1493 1151 1555 inens

121 1578 235 1644 edendi
250 1593 402 1657 quaerere.
433 1573 497 1645 Quo
512 1575 584 1635 mibi
595 1573 692 1636 aerius
702 1574 892 1636 adnitundum
904 1582 963 1644 est,
979 1577 1024 1636 uti
1033 1593 1126 1656 neque

123 1679 199 1727 reos
215 1660 368 1741 capiamini
388 1658 471 1720 atilli
486 1659 674 1720 trustrasint.
713 1658 755 1720 lta
775 1658 887 1720 adhoc
905 1660 1007 1720 aetatis
1026 1677 1126 1739 apne·

147 1747 213 1807 ritia
233 1744 289 1814 lui,
310 1745 354 1803 uti
376 1743 470 1803 omnis
493 1741 611 1803 labores
631 1749 661 1803 et
679 1742 810 1821 pericula
833 1750 972 1805 consueta
994 1743 1125 1807 babeant.

122 1829 230 1901 aQuae
244 1833 312 1888 ante
326 1832 423 1887 vostra
438 1824 572 1887 benltlnia
587 1828 714 1903 gratuito
730 1825 882 1897 faciebam,
900 1846 935 1889 ea
951 1829 994 1888 uti
1009 1836 1126 1908 aeoepta

122 1911 286 1982 nmereede
300 1911 443 1981 deseram,
461 1926 522 1970 non
535 1915 580 1971 est
594 1908 756 1980 eonsilium,
775 1910 910 1982 Quirites.
940 1909 1000 1973 lllis
1014 1912 1151 1974 diltieiles

147 2003 191 2059 est
205 1998 235 2057 in
249 1994 442 2074 potestatibus
451 2000 626 2073 temperare,
642 1995 693 2072 qui
705 2011 760 2073 per
776 1994 965 2057 ambitionem
981 2013 1048 2060 sese
1061 2014 1126 2076 pro·

146 2082 202 2143 bos
216 2080 406 2142 simulavere:
428 2078 511 2148 mihi,
528 2080 579 2158 qni
599 2095 717 2140 omnem
732 2085 857 2141 aetatem
872 2081 902 2140 in
919 2081 1047 2158 optumis
1062 2081 1126 2143 arti·

147 2166 204 2227 bus
221 2166 277 2243 egi,
293 2163 370 2226 bene
383 2163 482 2226 lacere
495 2164 554 2224 mm
565 2181 602 2225 ex
617 2163 828 2226 consuetudine
842 2165 872 2224 in
886 2171 1022 2226 naturam
1033 2167 1125 2227 vortit

107 2265 140 2319 ιο
232 2248 346 2310 Bellum
367 2265 415 2310 me
435 2265 541 2326 gerere
557 2265 625 2309 eum
639 2247 782 2327 Iugurtha
798 2248 936 2317 iussistis,
956 2267 1046 2328 mam
1066 2267 1126 2312 rem

144 2331 283 2393 nobilitas
301 2348 476 2410 aegerrume
497 2331 571 2393 tulit.
616 2331 746 2403 Quaeso,
777 2338 913 2410 reputate
935 2350 1003 2394 cum
1025 2335 1151 2396 animisa

146 2418 267 2486 vostris,
295 2416 410 2478 numid
431 2418 538 2477 mutari
558 2415 663 2477 melius
684 2416 734 2486 sit,
758 2417 784 2477 si
805 2433 893 2495 quem
914 2434 951 2477 ex
972 2416 1022 2478 illo
1042 2416 1127 2496 globo

146 2499 304 2562 nobilitatis
320 2501 357 2562 ad
371 2499 429 2562 boe
442 2506 493 2562 aut
507 2499 585 2561 aliud
598 2499 658 2561 tale
669 2502 821 2576 negotium
835 2501 963 2570 mittatis
979 2501 1127 2564 bominem

146 2586 253 2647 veteris
269 2586 422 2662 prosapiae
436 2600 472 2644 ao
487 2582 645 2645 multarum
659 2584 819 2659 imaginum
832 2591 861 2644 et
874 2583 983 2644 nullius
992 2586 1128 2664 stipendi:

147 2668 257 2729 seilicet
270 2673 304 2728 nt
318 2668 348 2727 in
364 2673 442 2726 tanta
461 2683 495 2725 re
509 2668 631 2743 ignarus
645 2667 775 2726 omnium
790 2664 917 2742 trepidet
933 2668 1067 2740 festinet,
1081 2688 1127 2732 su·

106 2767 135 2819 11
147 2757 207 2810 mat
221 2748 347 2827 aliquem
362 2767 399 2809 ex
412 2746 522 2825 populo
531 2749 707 2809 monitorem
723 2748 801 2809 olilei
819 2749 873 2808 sni.
897 2747 937 2809 lta
952 2749 1152 2834 plerumqusst

147 2833 251 2900 evenit,
274 2833 317 2892 uti
331 2849 420 2910 quem
436 2847 486 2891 vos
504 2831 654 2908 imperare
674 2832 816 2904 iussistis,
845 2834 872 2894 is
895 2832 982 2917 [sibi]
1000 2835 1128 2915 impert·

104 2923 242 2986 latorem
257 2913 345 2975 abum
361 2922 491 2994 quaerat.
530 2917 625 2992 Atque
647 2930 702 2992 ego
721 2916 791 2986 soio,
814 2915 949 2987 Quirites,
973 2921 1033 2996 qui,
1049 2929 1128 2999 ρος.

146 3016 234 3079 qnam
254 2998 389 3060 eonsules
411 3000 479 3060 laeti
500 3005 577 3069 sunt,
599 3005 713 3060 etanta
728 3000 873 3064 maiorum
895 3009 925 3062 et
945 3001 1128 3067 Graecorum

145 3083 279 3144 militaria
296 3093 453 3163 praecepta
475 3084 576 3161 legere
592 3085 758 3162 coeperint:
780 3087 964 3163 praeposteri
978 3086 1127 3152 homines:

145 3186 214 3230 nam
235 3166 341 3247 ger‘ere
363 3185 450 3247 quarn
472 3169 536 3231 lieri
562 3174 697 3247 tempore
719 3170 880 3247 posterius,
909 3188 943 3231 re
964 3178 1052 3250 atque
1072 3187 1153 3236 uma

106 3264 137 3316 ta
146 3255 229 3331 prius
247 3261 299 3313 est.
336 3253 499 3331 tlonparate
515 3270 604 3322 nuno,
621 3253 757 3325 Quirites,
774 3270 842 3315 oum
857 3253 974 3316 illorum
991 3257 1127 3336 superbia

145 3355 194 3398 me
217 3337 368 3400 hominem
387 3354 504 3398 norom.
543 3337 624 3408 Quae
645 3336 686 3398 illi
707 3337 810 3399 audire
831 3344 881 3400 aut
901 3338 1003 3416 legere
1023 3341 1125 3411 solent,

146 3439 249 3482 eorum
263 3429 378 3501 partem
398 3420 464 3491 ridi,
482 3420 537 3482 alia
559 3427 674 3500 egomet
688 3423 779 3501 gessi:
802 3439 877 3501 quae
897 3422 938 3484 illi
958 3425 1070 3496 litteris,
1093 3442 1125 3488 ea
