2378 3864
144 190 185 253 ab
351 209 394 250 oe
413 208 517 251 annno
539 206 739 252 rvnvsruruo
765 207 792 249 c.
814 200 858 254 ³0.
879 201 945 254 31.·

118 376 161 428 aa
178 377 248 420 vero
263 357 400 436 bonoque
415 356 589 434 inpediebat.
609 359 647 416 nt
661 355 695 417 G.
712 355 875 424 Memmius,
889 356 972 417 errius
986 356 1025 416 de
1039 355 1124 418 liber·

144 450 204 504 tate
219 443 317 518 ingeni
335 450 364 503 ot
378 440 445 501 odio
460 441 606 517 potentiae
621 438 779 501 nobilitatis
796 455 886 517 supra
901 439 1038 510 diximus,
1052 440 1125 501 inter

146 525 356 588 dubitationem
381 531 410 585 et
424 539 522 584 moras
532 533 651 585 senatus
662 522 847 588 mationibus
862 523 1005 603 populum
1016 523 1054 584 ad
1068 525 1125 585 viu·

146 610 301 672 dicandum
314 609 441 676 hortari,
465 624 586 669 monere
599 625 638 668 ne
651 625 715 668 rem
727 606 888 686 publicam,
909 625 947 668 ne
962 606 1126 669 libertatem

145 713 228 756 suam
251 694 435 760 desererent,
460 689 552 752 multa
565 690 693 770 superba
708 698 737 752 et
751 690 883 753 crudelia
896 690 1029 751 facinora
1042 691 1141 754 nobi-r

145 778 233 840 litatis
253 775 423 838 ostendere:
445 793 567 854 prorsus
590 777 719 837 intentus
741 773 929 836 omnimodo
949 773 1047 851 plebis
1069 776 1126 837 ani·

146 879 227 922 mum
248 859 431 921 incendebat.

120 967 137 1014 4
231 945 282 1005 Set
305 944 442 1022 quoniam
470 962 505 1004 ea
531 950 702 1021 tempestate
726 943 838 1004 Romae
854 941 973 1017 blemmi
992 941 1127 1005 facundia

147 1028 226 1089 clara
241 1026 412 1107 pollensque
426 1025 489 1096 luit,
506 1025 611 1088 decere
626 1027 805 1096 existumavi,
822 1043 910 1087 unam
928 1043 965 1087 ex
978 1033 1042 1087 tam
1055 1025 1126 1088 mul·

145 1114 183 1172 tis
202 1111 365 1172 orationem
386 1111 448 1172 eius
469 1109 671 1188 perscribere,
695 1128 729 1171 ac
750 1110 944 1187 potissumum
966 1127 1002 1171 ea
1023 1109 1126 1179 dicam
1134 1132 1151 1174 ιι

147 1196 271 1274 quaein
294 1195 429 1256 contione
450 1201 518 1272 post
531 1195 658 1256 reditum
677 1194 792 1256 Bestiae
812 1193 1015 1311 huiuscemodi
1035 1193 1127 1256 verbis

148 1280 299 1340 disseruit:

96 1369 135 1431 31
233 1362 331 1423 ΜιΜι
352 1379 401 1423 me
422 1360 616 1423 dehortantur
636 1380 653 1422 a
675 1361 770 1430 vobis,
790 1304 932 1431 Quirites,
950 1361 982 1421 ni
1000 1361 1127 1423 studium

147 1466 192 1510 rer
183 1446 340 1525 publicae
356 1447 452 1507 onmia
468 1454 602 1524 superetz
618 1463 689 1525 opes
705 1445 847 1522 factionis,
869 1451 966 1504 rostra
980 1445 1127 1521 patientia,

148 1534 193 1594 ius
202 1529 326 1600 nullum,
339 1548 373 1590 ao
382 1548 519 1592 maxume
530 1531 609 1608 quod
619 1530 802 1590 innocentiae
819 1526 887 1605 plus
901 1526 1027 1604 periculi
1042 1545 1153 1607 qums

120 1616 268 1685 abonoris
287 1621 339 1676 est.
360 1613 434 1674 Nam
448 1613 496 1674 illa
511 1612 630 1691 quidem
645 1613 725 1689 piget
740 1611 855 1680 dicere,
878 1611 924 1671 his
945 1612 1031 1673 annis
1045 1613 1128 1690 quin·

148 1700 243 1761 decim
268 1714 357 1776 quarn
378 1696 505 1757 ludibrio
527 1695 641 1758 fueritis
661 1695 817 1773 superbiae
836 1711 1015 1771 paucorum,
1042 1712 1128 1774 quarn
1180 1756 1181 1774 2

147 1782 232 1844 foede
255 1797 402 1859 quamque
422 1777 506 1841 inulti
527 1780 670 1857 perierint
685 1779 773 1840 vost-ri
792 1778 971 1848 defensores,
993 1786 1029 1840 ut
1048 1778 1129 1841 robis

122 1866 263 1931 sanimus
274 1863 310 1924 ab
322 1863 435 1940 ignavia
443 1870 530 1941 atque
544 1864 679 1926 socordia
693 1870 855 1941 corruptus
869 1864 918 1933 sit,
935 1863 984 1940 qni
999 1880 1038 1924 ne
1052 1880 1129 1925 nunc

146 1949 266 2029 quidem
278 1947 411 2008 obnoxiis
426 1947 549 2008 inimicis
565 1948 713 2024 exurgitis,
730 1954 817 2025 atque
832 1947 919 2008 etiam
930 1963 1011 2009 nunc
1024 1948 1154 2008 timetisa

121 2051 208 2104 aeos,
233 2031 339 2111 quibus
361 2031 446 2092 decet
466 2032 575 2093 terrori
595 2048 668 2092 esee.
700 2031 751 2092 Set
772 2047 950 2108 quamquam
967 2029 1043 2092 haec
1063 2031 1129 2093 talia

146 2125 223 2188 sunt,
246 2125 345 2179 tamen
361 2115 475 2176 obviam
497 2117 541 2176 ire
558 2114 694 2176 laedonis
709 2115 859 2192 potentiae
874 2116 987 2175 animus
1009 2114 1127 2191 subigit

120 2201 233 2264 nderte
256 2217 311 2278 ego
326 2200 504 2270 libertatem,
528 2218 603 2278 quae
622 2199 694 2260 mihi
707 2217 725 2261 a
739 2205 861 2277 parente
874 2217 940 2259 meo
955 2197 1064 2260 tradita
1077 2207 1128 2269 est,

147 2285 297 2365 experiar·
321 2302 423 2345 verum
445 2284 475 2345 id
497 2284 606 2345 frustra
629 2302 666 2345 an
689 2283 727 2343 ob
749 2301 814 2344 rem
834 2281 957 2350 inciam,
980 2282 1012 2341 in
1034 2289 1130 2343 vostra

147 2387 237 2430 manu
251 2369 339 2429 situm
359 2375 412 2438 est,
433 2368 569 2439 Quirites.
831 2418 833 2422 .
912 2400 915 2405 ·
1137 2386 1155 2425 a

118 2462 136 2512 6
231 2451 333 2532 Neque
344 2469 400 2530 ego
412 2469 462 2512 vos
472 2452 576 2512 hortor
577 2453 674 2530 quod
684 2468 772 2529 saepe
782 2467 910 2512 maiores
921 2451 1012 2510 vostri
1022 2449 1130 2520 ieeerc,

147 2539 189 2599 uti
206 2543 309 2598 contm
331 2537 451 2598 iniurias
472 2537 579 2597 armati
591 2537 673 2597 eatis.
716 2534 833 2595 Nihil
807 2553 849 2602 n,
872 2531 944 2593 nibil
964 2534 1131 2596 secessione

148 2637 222 2698 opus
244 2627 303 2680 est.
330 2636 451 2680 necesse
473 2624 517 2678 est
537 2627 653 2678 suomet
673 2618 728 2695 ipsi
750 2634 834 2676 more
855 2616 1032 2692 praecipites
1054 2625 1131 2679 eant

121 2701 252 2763 70cciso
274 2701 392 2761 Tiberio
409 2699 551 2767 Graccho,
573 2716 662 2776 quem
682 2714 808 2773 rognum
830 2697 1112 2774 parareaiebant,
1103 2718 1133 2763 m

146 2784 265 2862 plebem
279 2783 440 2843 Romanam
455 2781 641 2860 quaestiones
650 2780 767 2841 habitae
777 2787 862 2841 suut:
877 2786 944 2855 post
954 2777 989 2839 G.
1002 2779 1156 2847 Gracchis

147 2873 177 2929 et
196 2865 234 2926 Μ.
254 2863 337 2927 Fulvi
363 2864 482 2926 caedem
507 2865 577 2925 item
595 2864 685 2924 cosmi
703 2863 813 2924 ordinis
835 2860 919 2925 multi
939 2862 1082 2932 mortales
1104 2869 1133 2929 in
1179 2865 1180 2872 ’

148 2967 268 3011 carcere
282 2950 377 3009 necati
392 2958 474 3011 sunt:
490 2948 643 3027 utriusque
657 2946 746 3009 eladis
761 2965 821 3008 non
835 2946 892 3009 lex
912 2965 1015 3008 verum
1030 2946 1132 3013 lubido

119 3045 253 3096 8eorum
275 3033 363 3094 finem
386 3034 463 3094 iecit.
495 3033 546 3094 Set
559 3050 629 3094 saue
646 3031 735 3094 fuerit
749 3034 838 3110 regni
849 3032 962 3109 paratio
979 3031 1059 3109 plebi
1080 3052 1131 3096 sua

146 3119 316 3181 restituere:
340 3117 481 3196 quidquid
499 3118 561 3178 sine
576 3117 717 3196 sangrriua
729 3118 845 3179 civium
867 3113 968 3176 ulcisci
980 3111 1130 3194 nequitur,

121 3204 212 3268 tiure
233 3203 341 3263 iactum
363 3203 409 3262 sit.
454 3200 662 3279 Superioribus
683 3201 771 3264 annis
797 3200 874 3261 taciti
900 3199 1157 3277 indignabaminis

147 3288 295 3349 aerarium
311 3285 440 3363 expilari,
460 3301 547 3363 reges
560 3293 590 3346 et
605 3285 730 3364 populos
746 3283 855 3346 liberos
870 3284 970 3361 paucis
983 3283 1132 3347 nobilibus

150 3370 271 3447 vectigal
286 3370 425 3448 pendere,
443 3386 534 3447 penes
549 3368 666 3430 eosdem
683 3376 713 3430 et
727 3385 871 3430 summam
887 3366 1010 3444 gloriam
1025 3374 1056 3428 et
1070 3387 1131 3429 ma·

148 3471 252 3516 rumas
266 3454 378 3517 divitias
392 3471 471 3515 esse:
486 3460 584 3514 umen
597 3453 672 3515 haee
679 3451 748 3515 talia
762 3453 890 3513 faemore
908 3452 1019 3529 inpune
1032 3468 1131 3513 susce
