2378 3864
158 185 199 247 48
327 204 370 244 na
391 202 494 245 nunno
516 186 716 246 rvovnrumo
741 199 770 243 c.
793 193 837 246 15.
860 189 902 245 16.
925 193 969 247 17.

158 354 278 414 honoris
299 352 477 418 divitiarum,
502 358 632 410 ceterum
652 350 719 409 vitia
733 365 785 409 sua
804 347 906 410 callide
928 351 1089 412 occultans.
1113 350 1138 411 ls

158 446 314 516 postquam
331 435 401 497 vidit
415 433 495 510 regis
519 431 704 509 largitionem
723 433 865 494 lamosam
880 434 1136 512 inpudentemquc,

158 523 282 590 veritus,
304 520 382 599 quod
398 519 429 578 in
449 515 501 576 tali
521 536 555 578 re
577 516 659 587 solet,
682 534 720 577 ne
739 517 849 595 polluta
868 515 985 578 licentia
1004 518 1138 579 invidiam

112 596 343 672 lssadccnderet
369 603 498 663 animum
520 620 537 662 a
561 610 700 662 consueta
719 599 849 662 lubidine
871 602 1023 662 continuit.
1069 601 1140 662 Vicit

157 690 299 749 tamenin
321 694 422 748 senatu
445 702 514 762 pars
534 684 595 752 illa,
617 703 691 763 quae
712 703 782 745 vero
804 686 936 761 precium
951 693 1002 745 aut
1015 687 1154 762 gratim

131 770 349 833 2antelerebat
389 769 547 830 Decretum
562 768 603 836 tit,
621 770 662 828 uti
682 768 784 829 decem
800 767 888 844 legati
906 784 1043 844 regnum,
1064 769 1140 847 quod

157 855 276 934 Micipsa
291 854 470 922 obtinuerat,
493 854 569 913 inter
591 851 762 928 Iugurtham
777 859 807 911 et
820 849 1018 913 Adherbalem
1034 851 1139 912 divide

157 948 233 999 rent.
268 936 356 998 Cuius
370 936 523 1012 legationis
538 937 677 1014 princeps
691 935 746 995 luit
759 934 792 994 L.
808 933 953 1012 Opimius,
977 935 1068 995 homo
1084 933 1139 996 ela·

157 1038 209 1082 rus
234 1031 262 1082 et
283 1029 345 1081 tum
367 1021 396 1080 in
416 1025 518 1080 senatu
539 1026 658 1097 potens,
685 1019 753 1096 quia
775 1018 878 1078 consul
899 1020 933 1080 G.
956 1017 1093 1079 Graccho
1114 1027 1141 1085 et

158 1104 195 1164 Μ.
212 1104 312 1166 Fulvio
328 1103 434 1164 Flacco
453 1101 614 1164 interiectis
635 1119 789 1162 acerrume
810 1102 960 1162 victoriam
982 1101 1165 1163 nobilitatieu

132 1188 189 1248 3in
209 1187 326 1266 plebem
349 1193 530 1247 exercuerat.
573 1185 648 1246 Eum
672 1185 815 1262 iugurtha
842 1186 957 1247 tametsi
978 1184 1140 1248 Romaein

158 1272 281 1333 inimicis
303 1270 460 1339 habuerat,
485 1278 584 1330 tamen
605 1270 824 1330 adcuratissime
837 1269 964 1347 recepit:
991 1269 1090 1329 dando
1113 1276 1141 1330 et

159 1354 323 1437 pollicendo
340 1354 428 1415 multa
446 1353 579 1433 perfecit,
592 1355 635 1414 uti
649 1355 743 1414 lamae
754 1352 826 1422 fide,
843 1361 993 1431 postremo
1004 1353 1147 1414 omnibus

159 1441 219 1501 suis
239 1438 329 1500 rebus
352 1438 539 1499 commodum
563 1438 642 1514 regis
667 1436 836 1498 anteferret.
878 1434 1015 1496 Relicuos
1029 1434 1140 1514 legatos

132 1524 262 1584 academ
280 1524 325 1583 vla
346 1522 518 1600 adgressus,
539 1520 697 1601 plerosque
720 1522 812 1599 capit:
832 1520 934 1599 paucis
950 1521 1049 1580 carior
1070 1521 1165 1582 lidess

134 1617 247 1686 nquam
264 1607 388 1684 pecunia
404 1605 466 1666 luit
490 1605 523 1665 ln
541 1605 695 1676 divisione,
718 1623 793 1684 quae
807 1620 877 1682 pars
890 1601 1045 1665 Numidiae
1062 1604 1141 1666 illau-

159 1691 302 1751 retaniam
315 1689 452 1764 adtingit,
476 1704 548 1764 agro
563 1689 690 1767 virisque
706 1687 884 1766 opulentior,
907 1682 1068 1764 Iugurthae
1084 1697 1141 1748 tra·

160 1766 247 1841 ditur,
269 1772 347 1833 illam
363 1770 486 1833 alteram
500 1772 599 1850 specie
620 1789 707 1851 quam
728 1789 785 1832 usu
800 1773 960 1850 potiorem,
983 1789 1059 1851 quae
1073 1788 1141 1849 por-

159 1857 271 1916 tuosior
287 1863 316 1915 et
330 1855 468 1916 aediliciis
483 1857 577 1932 magis
593 1864 734 1917 exornata
750 1864 821 1925 erat,
840 1853 989 1916 Adherbal
1002 1855 1140 1932 possedit.

113 1936 149 1994 17
244 1938 302 2000 Res
319 1937 469 2027 postulare
488 1939 603 1999 videtur
625 1940 741 2001 Africae
761 1940 847 1999 situm
869 1938 971 2017 paucis
995 1955 1168 2015 exponerent

160 2033 189 2085 et
211 2040 260 2085 eas
280 2024 389 2100 gentis,
413 2022 588 2100 quibuscum
609 2023 695 2083 nobis
721 2021 832 2084 bellum
859 2029 909 2082 aut
933 2021 1058 2083 amicitia
1080 2023 1140 2091 luit,

132 2109 319 2183 andtingere.
359 2107 410 2168 Set
424 2124 499 2186 quae
520 2104 585 2167 loca
607 2115 636 2167 et
650 2108 781 2168 nationes
796 2105 834 2167 ob
849 2104 978 2166 calorem
996 2113 1048 2166 aut
1059 2123 1140 2184 aspe-

160 2194 284 2260 ritatem,
301 2193 371 2252 item
386 2191 557 2252 solitudines
571 2191 668 2252 minus
682 2190 865 2269 frequentata
877 2196 953 2259 sunt,
966 2189 1004 2250 de
1018 2190 1061 2250 eis
1072 2189 1143 2251 haut

159 2273 244 2335 facile
262 2281 434 2352 conpertum
454 2276 651 2346 narraverim„
662 2282 759 2337 cetera
778 2292 865 2354 quam
884 2273 1078 2352 paucissumis
1093 2273 1142 2334 ab·

159 2358 277 2418 solvam.
1149 2370 1168 2410 2⁵

133 2454 149 2505 3
244 2442 278 2502 ln
301 2442 441 2504 divisione
463 2443 545 2504 orbis
558 2452 656 2504 terrae
675 2441 809 2521 plerique
825 2443 855 2500 in
869 2449 954 2518 parte
967 2442 1053 2501 tertia
1068 2440 1143 2502 hut·

160 2543 383 2604 composuere,
404 2529 491 2605 pauci
504 2534 619 2587 tantum
633 2525 828 2585 modoAsiam
849 2530 878 2584 et
896 2523 1046 2601 Europam
1068 2543 1142 2594 esse,

132 2613 204 2671 teet
219 2609 348 2671 Africam
361 2611 392 2671 in
406 2610 536 2689 Europa.
564 2610 607 2669 Ea
620 2610 685 2668 linis
699 2606 789 2666 habet
808 2606 844 2666 ab
863 2604 1014 2667 occidente
1030 2607 1141 2670 lretum

158 2693 252 2752 nostri
270 2693 359 2752 maris
381 2701 410 2752 et
425 2691 547 2759 Oceani,
570 2690 606 2749 ab
626 2696 692 2748 ortu
706 2687 775 2747 solis
789 2688 929 2748 declivem
947 2687 1143 2763 latitudinem,

132 2778 247 2851 oquem
263 2774 361 2834 locum
380 2771 592 2834 Catabathmon
607 2770 720 2832 incolae
734 2769 888 2848 adpellant
923 2768 1003 2830 Mare
1023 2789 1170 2838 saevomo

159 2858 379 2933 inportuosum:
401 2872 473 2931 ager
495 2854 614 2933 frugum
636 2852 753 2922 fertilis,
777 2851 873 2914 bonus
894 2854 1009 2932 pecori,
1033 2857 1146 2924 arbore

133 2937 347 3000 ninlecundus:
371 2938 453 3000 caelo
467 2945 606 3017 terraque
619 2938 760 3017 paenuria
782 2956 934 3016 aquarum.
972 2937 1072 3001 Genus
1090 2943 1144 3004 ho·

159 3023 271 3083 minum
285 3020 396 3083 salubri
414 3040 549 3100 corpore,
567 3022 659 3091 velox,
683 3023 795 3099 patiens
807 3021 962 3084 laborum:
985 3022 1144 3106 plerosque

160 3114 295 3168 senectus
311 3105 457 3176 dissolvit,
481 3108 537 3168 nisi
559 3109 609 3186 qui
624 3107 703 3168 ferro
718 3115 769 3167 aut
787 3107 888 3168 bestiis
901 3108 1054 3169 interiere:
1073 3128 1142 3171 narn

160 3188 282 3250 morbus
296 3189 368 3250 haut
382 3207 471 3268 saepe
485 3208 662 3270 quemquam
679 3200 806 3269 superat.
831 3191 876 3253 Ad
889 3191 948 3252 hoc
960 3191 1077 3254 malifici
1091 3213 1169 3272 ge-tt

135 3274 241 3334 tueris
261 3273 399 3350 pluruma
422 3274 566 3336 animalia.
612 3276 663 3337 Set
684 3276 735 3352 qui
754 3275 892 3336 mortales
911 3277 992 3338 initio
1013 3277 1142 3339 Africam

161 3355 330 3427 habuerint,
354 3359 462 3438 quirine
477 3369 578 3436 postea
591 3360 788 3429 adcesserint,
811 3370 862 3421 aut
882 3379 941 3440 quo
956 3361 1044 3422 modo
1065 3363 1141 3423 iuter

161 3458 193 3501 se
215 3443 353 3518 permixti
373 3443 443 3512 sint,
475 3461 651 3523 quamquam
673 3443 710 3504 ab
732 3460 766 3504 ea
787 3444 959 3525 lama‚quae
984 3444 1141 3525 plerosque
