2378 3864
118 148 159 208 at
240 167 282 207 oe
305 164 477 209 caurmnnn
500 150 738 209 courvnarronn
761 165 787 208 o.
809 157 852 210 ti.
875 158 917 211 45.
939 158 982 212 46.

122 314 207 376 aliter
228 314 299 375 haut
320 313 403 375 facile
431 332 481 375 eos
510 315 547 374 ad
575 319 688 374 tautum
708 315 857 390 negotium
879 312 978 393 inpelli
1003 332 1097 392 posse.

94 408 110 457 2
125 398 223 461 Ceteri
237 397 310 458 nihil
325 400 504 476 suspicantes
520 398 598 466 dant,
614 395 728 457 Cassius
742 405 834 458 semet
849 417 884 460 eo
900 397 983 459 brevi
999 406 1097 459 ventu·

123 501 191 544 rum
212 481 365 560 pollicetur
384 500 419 543 ac
436 481 524 559 paulo
542 487 608 542 ante
621 479 732 558 legatos
749 501 785 543 ex
800 482 875 544 urbe
894 481 1096 560 proficiscitur.

92 565 266 628 3Leutulus
290 584 357 626 cum
384 567 425 626 eis
444 564 478 626 Τ.
502 564 681 626 Volturcium
704 566 849 646 quendam
881 565 1097 626 Crotoniensem

120 652 215 719 mittit,
231 657 264 711 ut
278 648 450 727 Allobroges
464 651 645 729 priusquam
659 649 779 710 domum
792 655 950 728 pergerent
965 666 1035 709 cum
1049 647 1116 709 Ca·

92 733 202 795 atilina
222 734 288 793 data
305 739 392 810 atque
406 741 525 812 accepta
539 734 596 794 lide
610 735 775 794 societatem
793 734 1010 794 confirmarent
1036 731 1098 810 lpse

122 817 270 878 Volturcio
286 815 398 878 litteras
412 817 448 879 ad
463 816 612 879 Catilinam
627 816 684 886 dat,
701 835 825 897 quarum
842 815 1009 895 exemplum
1026 814 1098 876 inira

123 902 266 977 scriptum
287 908 345 961 est:
369 901 449 972 ‘Quis
465 903 529 971 sim,
551 919 587 963 ex
604 918 639 962 eo
654 918 742 980 quem
756 901 794 962 ad
806 907 837 963 te
850 902 915 962 misi
930 915 1097 977 cognosces.

94 983 182 1045 oFac
204 984 330 1060 cogites,
349 985 379 1044 in
398 992 505 1063 quanta
523 984 683 1046 calamitate
702 985 756 1055 sis,
779 993 807 1046 et
826 984 994 1046 memineris
1016 990 1045 1044 te
1060 984 1098 1043 vi·

46 1068 47 1071 ’
121 1085 188 1129 rum
205 1085 284 1130 esse:
303 1069 471 1130 consideres
482 1069 552 1147 quid
566 1075 632 1130 tuae
643 1069 770 1131 rationes
784 1067 945 1146 postulent:
962 1065 1123 1129 auxiliumu

94 1164 111 1215 o
120 1158 203 1229 petas
217 1151 254 1212 ab
270 1151 415 1221 omnibus,
432 1154 518 1214 etiam
533 1151 570 1213 ah
581 1150 704 1212 intimis'.
726 1152 769 1213 Ad
785 1153 842 1215 hoc
852 1152 989 1213 mandata
1002 1150 1097 1212 verbis

121 1235 185 1296 dat:
213 1255 281 1297 cum
295 1236 331 1296 ah
347 1237 551 1298 senatuhostis
558 1236 701 1297 iudicatus
713 1239 758 1306 sit,
775 1255 833 1315 quo
848 1234 967 1297 consilio
983 1235 1097 1296 servitia

120 1319 272 1397 repudiet?
293 1322 323 1381 in
342 1320 418 1382 urbe
437 1329 540 1399 parata
554 1338 619 1383 esse
638 1339 712 1400 quae
730 1322 861 1382 iusserit:
888 1337 926 1381 ne
945 1326 1097 1380 cunctetur

69 1399 114 1484 45Ι
121 1404 184 1482 ipse
194 1406 317 1484 propius
332 1405 493 1468 adsedere.
524 1405 576 1466 His
589 1404 678 1465 rebus
693 1406 732 1465 ita
747 1406 827 1473 actis,
842 1404 997 1464 constituta
1012 1409 1096 1463 nocte

121 1506 177 1566 qua
196 1489 461 1567 proficiscerentur,
485 1489 586 1552 Cicero
604 1506 658 1567 per
674 1488 785 1566 legatos
804 1493 907 1549 cuncta
928 1488 1051 1549 edoctus
1066 1486 1096 1546 L.
1106 1497 1125 1536 1⁶

119 1571 232 1634 Valerio
254 1572 360 1634 Flacco
382 1580 411 1636 et
428 1574 462 1635 G.
484 1573 638 1651 Pomptino
658 1571 843 1650 praetoribus
859 1573 997 1650 imperat,
1017 1579 1051 1631 ut
1070 1572 1098 1630 in

119 1663 208 1734 ponte
223 1656 329 1718 blulvio
343 1675 398 1734 per
412 1657 529 1718 insidias
556 1654 748 1732 Allobrogum
770 1657 922 1716 comitatus
936 1654 1097 1734 deprehen·

120 1739 204 1799 dant:
222 1757 286 1801 rem
303 1757 419 1801 omnem
435 1742 537 1818 aperit,
555 1740 636 1800 cuius
655 1740 747 1816 gratia
763 1738 968 1800 mittebantur:
991 1745 1096 1807 cetera,

92 1823 162 1883 auti
177 1822 253 1883 facto
273 1840 348 1900 opus
361 1824 406 1893 sit,
429 1825 468 1885 ita
489 1829 576 1902 agant
589 1824 738 1901 permittit.
773 1823 827 1894 Illi,
848 1823 981 1884 homines
994 1821 1096 1883 milita·

120 1923 178 1975 res,
193 1907 257 1968 sine
266 1906 393 1968 tumultu
402 1908 555 1985 praesidiis
569 1906 725 1969 conlocat-is
739 1908 824 1969 sicuti
833 1913 1023 1985 praeceptum
1038 1911 1125 1967 erata

95 1988 234 2051 tocculte
253 1998 375 2068 pontem
390 1990 536 2052 obsidunt.
570 1991 727 2070 Postquam
742 1990 780 2051 ad
797 1991 828 2052 id
843 1988 902 2052 loci
923 1990 1012 2070 legati
1033 2008 1099 2052 cum

120 2072 268 2135 Volturcio
282 2092 405 2146 venere,
427 2073 516 2136 simul
532 2077 680 2154 utrimque
695 2073 807 2136 clamor
826 2082 944 2136 exortus
957 2082 1010 2136 est
1027 2073 1098 2135 Galli

93 2159 178 2219 coito
193 2160 310 2235 cognito
326 2158 445 2219 consilio
461 2159 524 2219 sine
538 2175 621 2218 mora
634 2158 819 2235 praetoribus
834 2177 865 2220 se
882 2159 1009 2220 tradunt.
1033 2157 1098 2218 Vol·

120 2242 232 2302 turcius
244 2243 339 2318 primo
356 2242 524 2302 cohortatus
539 2248 652 2303 ceteros
667 2239 762 2317 gladio
778 2259 809 2303 se
821 2261 837 2302 a
849 2241 1033 2304 multitudine
1048 2242 1097 2303 de·

120 2323 222 2392 tendit,
245 2324 349 2385 deinde
364 2323 416 2385 uhi
430 2342 447 2385 a
461 2324 563 2403 legatis
578 2326 711 2387 desertus
726 2332 778 2399 est,
794 2324 884 2387 multa
904 2327 987 2403 prius
1002 2326 1038 2386 de
1053 2343 1096 2386 sa·
1105 2337 1127 2376 2⁵

119 2407 179 2468 lute
193 2425 245 2468 sua
256 2406 443 2486 Pomptinum
457 2408 626 2479 obtestatus,
639 2408 717 2488 quod
728 2411 755 2470 ei
765 2417 852 2471 notus
862 2415 932 2479 erat,
948 2415 1097 2486 postremo

120 2491 237 2552 timidus
260 2509 294 2552 ac
315 2493 389 2554 vitae
411 2492 545 2554 diffidens
567 2493 646 2555 velut
673 2492 805 2554 hostibus
826 2509 890 2554 sese
911 2492 1097 2569 praetoribus

120 2574 199 2636 dedit
795 2594 802 2603 ·

69 2657 109 2719 46
204 2658 315 2730 Quibus
329 2660 418 2722 rebus
432 2660 571 2723 conlectis
586 2661 681 2719 omnia
691 2675 819 2736 propere
830 2675 884 2734 per
894 2659 1012 2718 nuntios
1026 2677 1097 2719 con·

93 2741 175 2804 asuli
189 2741 382 2805 declarantur.
420 2745 456 2804 At
476 2744 557 2805 illum
578 2743 680 2817 ingens
698 2757 769 2800 cura
784 2747 871 2816 atque
887 2737 995 2798 laetitia
1009 2742 1097 2802 simul
1107 2756 1128 2800 er

119 2841 313 2902 occupavere:
336 2845 405 2888 nam
425 2826 586 2889 laetabatur
605 2821 776 2899 intellegens
798 2822 996 2882 coniuratione
1013 2831 1097 2900 pate-

118 2909 193 2969 facta
209 2911 351 2972 civitatem
362 2909 501 2988 periculis
516 2914 646 2984 ereptam
667 2923 746 2976 esse,
768 2922 858 2983 porro
879 2910 977 2965 autem
992 2909 1096 2969 anxius

119 3000 182 3054 erat
203 2993 337 3055 dubitans
349 2995 380 3054 in
394 3009 531 3063 maxumo
545 2988 656 3051 scelere
673 2990 760 3050 tantis
777 2989 887 3050 civibus
905 2988 1096 3066 deprehensis

119 3077 188 3156 quid
209 3076 285 3137 facto
299 3093 373 3153 opus
395 3081 487 3136 esset:
510 3090 635 3151 poenam
651 3071 769 3133 illorum
790 3072 846 3134 sibi
866 3075 957 3141 oneri,
979 3074 1095 3150 inpuni-

91 3165 207 3222 3tatem
225 3159 395 3236 perdundae
409 3159 453 3219 rei
468 3156 602 3235 publicae
620 3157 683 3217 lore
707 3156 853 3219 credebat.
875 3156 966 3234 Igitur
988 3158 1123 3218 confir-a.

118 3255 196 3306 mato
212 3244 307 3304 animo
325 3243 422 3306 uocari
436 3240 472 3302 ad
486 3258 550 3302 sese
567 3240 647 3303 iubet
661 3241 816 3303 Lenttdum
843 3240 1003 3317 Cethegum
1030 3241 1094 3302 Sta·

118 3328 209 3388 hlium
219 3325 383 3397 Gabinium,
395 3322 697 3405 itemque[queudam]
707 3325 883 3403 Caeparium
902 3324 1094 3386 Tarracinen-

117 3429 191 3481 sem,
207 3414 256 3489 qui
266 3412 296 3471 in
306 3409 439 3489 Apuliam
450 3410 486 3471 ad
498 3409 669 3470 concitanda
680 3411 795 3471 servitia
803 3409 949 3486 proficisci
963 3408 1094 3488 parabat
