<?xml version="1.0" encoding="UTF-8"?>
<!DOCTYPE html PUBLIC "-//W3C//DTD XHTML 1.0 Transitional//EN"
    "http://www.w3.org/TR/xhtml1/DTD/xhtml1-transitional.dtd">
<html xmlns="http://www.w3.org/1999/xhtml" xml:lang="en" lang="en">
 <head>
  <title>
</title>
<meta http-equiv="Content-Type" content="text/html;charset=utf-8" />
  <meta name='ocr-system' content='tesseract 3.04.00' />
  <meta name='ocr-capabilities' content='ocr_page ocr_carea ocr_par ocr_line ocrx_word'/>
</head>
<body>
  <div class='ocr_page' id='page_1' title='image "./gaisallusticris00jugugoog_0023.png"; bbox 0 0 2378 3864; ppageno 0'>
   <div class='ocr_carea' id='block_1_1' title="bbox 101 196 949 260">
    <p class='ocr_par' dir='ltr' id='par_1_1' title="bbox 101 196 949 260">
     <span class='ocr_line' id='line_1_1' title="bbox 101 196 949 260; baseline 0.001 -6"><span class='ocrx_word' id='word_1_1' title='bbox 101 196 120 254; x_wconf 86' lang='lat'>2</span> <span class='ocrx_word' id='word_1_2' title='bbox 241 215 284 254; x_wconf 78' lang='lat' dir='ltr'><strong>nn</strong></span> <span class='ocrx_word' id='word_1_3' title='bbox 310 214 483 256; x_wconf 73' lang='lat' dir='ltr'><strong>carrorum:</strong></span> <span class='ocrx_word' id='word_1_4' title='bbox 507 214 806 256; x_wconf 68' lang='lat' dir='ltr'><strong>commemorem</strong></span> <span class='ocrx_word' id='word_1_5' title='bbox 830 208 856 257; x_wconf 79' lang='lat'><strong>2.</strong></span> <span class='ocrx_word' id='word_1_6' title='bbox 878 210 903 260; x_wconf 88' lang='lat'><strong>3.</strong></span> <span class='ocrx_word' id='word_1_7' title='bbox 922 211 949 259; x_wconf 74' lang='lat' dir='ltr'><strong>a.</strong></span> 
     </span>
    </p>
   </div>
   <div class='ocr_carea' id='block_1_2' title="bbox 10 361 1121 3031">
    <p class='ocr_par' dir='ltr' id='par_1_2' title="bbox 74 361 1110 926">
     <span class='ocr_line' id='line_1_2' title="bbox 101 361 1089 443; baseline 0.001 -17"><span class='ocrx_word' id='word_1_8' title='bbox 101 380 150 426; x_wconf 87' lang='lat' dir='ltr'><strong>res</strong></span> <span class='ocrx_word' id='word_1_9' title='bbox 164 361 310 424; x_wconf 81' lang='lat' dir='ltr'>humanae</span> <span class='ocrx_word' id='word_1_10' title='bbox 324 362 481 431; x_wconf 90' lang='lat' dir='ltr'><strong>haberent,</strong></span> <span class='ocrx_word' id='word_1_11' title='bbox 502 381 598 442; x_wconf 85' lang='lat' dir='ltr'><strong>neque</strong></span> <span class='ocrx_word' id='word_1_12' title='bbox 613 361 689 424; x_wconf 85' lang='lat' dir='ltr'><strong>aliud</strong></span> <span class='ocrx_word' id='word_1_13' title='bbox 707 362 762 424; x_wconf 91' lang='lat' dir='ltr'><strong>alio</strong></span> <span class='ocrx_word' id='word_1_14' title='bbox 777 363 849 424; x_wconf 85' lang='lat' dir='ltr'><strong>ferri</strong></span> <span class='ocrx_word' id='word_1_15' title='bbox 864 380 960 443; x_wconf 89' lang='lat' dir='ltr'><strong>neque</strong></span> <span class='ocrx_word' id='word_1_16' title='bbox 976 368 1089 427; x_wconf 85' lang='lat' dir='ltr'><strong>mutari</strong></span> 
     </span>
     <span class='ocr_line' id='line_1_3' title="bbox 74 441 1089 525; baseline -0.001 -13"><span class='ocrx_word' id='word_1_17' title='bbox 74 465 137 512; x_wconf 72' lang='lat' dir='ltr'><strong>eac</strong></span> <span class='ocrx_word' id='word_1_18' title='bbox 150 447 267 508; x_wconf 81' lang='lat' dir='ltr'><strong>misceri</strong></span> <span class='ocrx_word' id='word_1_19' title='bbox 283 449 379 507; x_wconf 88' lang='lat' dir='ltr'><strong>omnia</strong></span> <span class='ocrx_word' id='word_1_20' title='bbox 395 463 541 506; x_wconf 89' lang='lat' dir='ltr'><strong>cerneres.</strong></span> <span class='ocrx_word' id='word_1_21' title='bbox 562 441 634 504; x_wconf 88' lang='lat' dir='ltr'><strong>Nam</strong></span> <span class='ocrx_word' id='word_1_22' title='bbox 642 445 799 525; x_wconf 88' lang='lat' dir='ltr'><strong>imperium</strong></span> <span class='ocrx_word' id='word_1_23' title='bbox 816 447 900 508; x_wconf 81' lang='lat' dir='ltr'><strong>facile</strong></span> <span class='ocrx_word' id='word_1_24' title='bbox 917 450 958 509; x_wconf 90' lang='lat' dir='ltr'><strong>eis</strong></span> <span class='ocrx_word' id='word_1_25' title='bbox 970 450 1089 511; x_wconf 85' lang='lat' dir='ltr'><strong>artibus</strong></span> 
     </span>
     <span class='ocr_line' id='line_1_4' title="bbox 76 530 1089 612; baseline 0 -17"><span class='ocrx_word' id='word_1_26' title='bbox 76 532 253 600; x_wconf 75' lang='lat' dir='ltr'><strong>aretinetur,</strong></span> <span class='ocrx_word' id='word_1_27' title='bbox 277 530 383 609; x_wconf 88' lang='lat' dir='ltr'><strong>quibus</strong></span> <span class='ocrx_word' id='word_1_28' title='bbox 398 531 479 590; x_wconf 93' lang='lat' dir='ltr'><strong>initio</strong></span> <span class='ocrx_word' id='word_1_29' title='bbox 501 538 618 609; x_wconf 88' lang='lat' dir='ltr'><strong>partum</strong></span> <span class='ocrx_word' id='word_1_30' title='bbox 640 537 692 593; x_wconf 80' lang='lat' dir='ltr'><strong>est</strong></span> <span class='ocrx_word' id='word_1_31' title='bbox 715 532 825 592; x_wconf 86' lang='lat' dir='ltr'><strong>Verum</strong></span> <span class='ocrx_word' id='word_1_32' title='bbox 840 531 891 592; x_wconf 90' lang='lat' dir='ltr'><strong>ubi</strong></span> <span class='ocrx_word' id='word_1_33' title='bbox 906 549 962 612; x_wconf 89' lang='lat' dir='ltr'><strong>pro</strong></span> <span class='ocrx_word' id='word_1_34' title='bbox 981 533 1089 595; x_wconf 91' lang='lat' dir='ltr'><strong>labore</strong></span> 
     </span>
     <span class='ocr_line' id='line_1_5' title="bbox 105 613 1088 696; baseline 0.002 -20"><span class='ocrx_word' id='word_1_35' title='bbox 105 615 229 684; x_wconf 90' lang='lat' dir='ltr'><strong>desidia,</strong></span> <span class='ocrx_word' id='word_1_36' title='bbox 253 631 309 694; x_wconf 92' lang='lat' dir='ltr'><strong>pro</strong></span> <span class='ocrx_word' id='word_1_37' title='bbox 325 613 501 675; x_wconf 82' lang='lat' dir='ltr'><strong>continentia</strong></span> <span class='ocrx_word' id='word_1_38' title='bbox 518 621 547 675; x_wconf 94' lang='lat' dir='ltr'><strong>et</strong></span> <span class='ocrx_word' id='word_1_39' title='bbox 562 616 706 694; x_wconf 90' lang='lat' dir='ltr'><strong>aequitate</strong></span> <span class='ocrx_word' id='word_1_40' title='bbox 724 615 826 676; x_wconf 85' lang='lat' dir='ltr'><strong>lubido</strong></span> <span class='ocrx_word' id='word_1_41' title='bbox 842 622 929 695; x_wconf 83' lang='lat' dir='ltr'><strong>atque</strong></span> <span class='ocrx_word' id='word_1_42' title='bbox 945 617 1088 696; x_wconf 88' lang='lat' dir='ltr'><strong>superbia</strong></span> 
     </span>
     <span class='ocr_line' id='line_1_6' title="bbox 76 697 1110 767; baseline 0.006 -8"><span class='ocrx_word' id='word_1_43' title='bbox 76 700 250 767; x_wconf 81' lang='lat' dir='ltr'><strong>onvasere,</strong></span> <span class='ocrx_word' id='word_1_44' title='bbox 285 697 402 758; x_wconf 88' lang='lat' dir='ltr'><strong>iortuna</strong></span> <span class='ocrx_word' id='word_1_45' title='bbox 435 697 520 758; x_wconf 92' lang='lat' dir='ltr'><strong>simul</strong></span> <span class='ocrx_word' id='word_1_46' title='bbox 554 716 621 760; x_wconf 89' lang='lat' dir='ltr'><strong>curn</strong></span> <span class='ocrx_word' id='word_1_47' title='bbox 653 699 784 760; x_wconf 88' lang='lat' dir='ltr'><strong>moribus</strong></span> <span class='ocrx_word' id='word_1_48' title='bbox 813 701 984 760; x_wconf 77' lang='lat' dir='ltr'><strong>inmutetur.</strong></span> <span class='ocrx_word' id='word_1_49' title='bbox 1044 702 1110 765; x_wconf 78' lang='lat' dir='ltr'><strong>ltas</strong></span> 
     </span>
     <span class='ocr_line' id='line_1_7' title="bbox 101 782 1089 923; baseline 0.003 -81"><span class='ocrx_word' id='word_1_50' title='bbox 101 783 260 923; x_wconf 40' lang='lat' dir='ltr'><strong>impcplum</strong></span> <span class='ocrx_word' id='word_1_51' title='bbox 275 798 392 858; x_wconf 85' lang='lat' dir='ltr'><strong>semper</strong></span> <span class='ocrx_word' id='word_1_52' title='bbox 420 782 456 842; x_wconf 91' lang='lat' dir='ltr'><strong>ad</strong></span> <span class='ocrx_word' id='word_1_53' title='bbox 485 789 638 861; x_wconf 90' lang='lat' dir='ltr'><strong>optumum</strong></span> <span class='ocrx_word' id='word_1_54' title='bbox 664 801 810 861; x_wconf 88' lang='lat' dir='ltr'><strong>quemque</strong></span> <span class='ocrx_word' id='word_1_55' title='bbox 836 803 850 843; x_wconf 93' lang='lat' dir='ltr'><strong>a</strong></span> <span class='ocrx_word' id='word_1_56' title='bbox 879 785 975 844; x_wconf 89' lang='lat' dir='ltr'><strong>minus</strong></span> <span class='ocrx_word' id='word_1_57' title='bbox 1005 784 1089 846; x_wconf 91' lang='lat' dir='ltr'><strong>bono</strong></span> 
     </span>
     <span class='ocr_line' id='line_1_8' title="bbox 100 872 288 926; baseline -0.005 -1"><span class='ocrx_word' id='word_1_58' title='bbox 100 874 182 925; x_wconf 88' lang='lat' dir='ltr'><strong>trans</strong></span> <span class='ocrx_word' id='word_1_59' title='bbox 196 872 288 926; x_wconf 88' lang='lat' dir='ltr'><strong>ertur.</strong></span> 
     </span>
    </p>

    <p class='ocr_par' dir='ltr' id='par_1_3' title="bbox 76 949 1093 1031">
     <span class='ocr_line' id='line_1_9' title="bbox 76 949 1093 1031; baseline 0.002 -19"><span class='ocrx_word' id='word_1_60' title='bbox 76 964 92 1012; x_wconf 84' lang='lat'><strong>7</strong></span> <span class='ocrx_word' id='word_1_61' title='bbox 187 949 268 1019; x_wconf 85' lang='lat' dir='ltr'><strong>Quae</strong></span> <span class='ocrx_word' id='word_1_62' title='bbox 289 949 424 1011; x_wconf 85' lang='lat' dir='ltr'><strong>homines</strong></span> <span class='ocrx_word' id='word_1_63' title='bbox 438 957 523 1012; x_wconf 85' lang='lat' dir='ltr'><strong>arant</strong></span> <span class='ocrx_word' id='word_1_64' title='bbox 538 952 674 1028; x_wconf 79' lang='lat' dir='ltr'><strong>navigant</strong></span> <span class='ocrx_word' id='word_1_65' title='bbox 690 950 852 1020; x_wconf 77' lang='lat' dir='ltr'><strong>aedificant,</strong></span> <span class='ocrx_word' id='word_1_66' title='bbox 874 952 973 1012; x_wconf 84' lang='lat' dir='ltr'><strong>virtuti</strong></span> <span class='ocrx_word' id='word_1_67' title='bbox 988 956 1093 1031; x_wconf 74' lang='lat' dir='ltr'><strong>omniu¹</strong></span> 
     </span>
    </p>

    <p class='ocr_par' dir='ltr' id='par_1_4' title="bbox 77 1033 1119 1367">
     <span class='ocr_line' id='line_1_10' title="bbox 77 1033 1094 1113; baseline 0.004 -20"><span class='ocrx_word' id='word_1_68' title='bbox 77 1040 216 1113; x_wconf 77' lang='lat' dir='ltr'><strong>sperent.</strong></span> <span class='ocrx_word' id='word_1_69' title='bbox 257 1033 308 1094; x_wconf 91' lang='lat' dir='ltr'><strong>Set</strong></span> <span class='ocrx_word' id='word_1_70' title='bbox 324 1033 407 1094; x_wconf 90' lang='lat' dir='ltr'><strong>multi</strong></span> <span class='ocrx_word' id='word_1_71' title='bbox 421 1035 666 1112; x_wconf 87' lang='lat' dir='ltr'><strong>mortales‚dediti</strong></span> <span class='ocrx_word' id='word_1_72' title='bbox 679 1037 774 1110; x_wconf 84' lang='lat' dir='ltr'><strong>ventri</strong></span> <span class='ocrx_word' id='word_1_73' title='bbox 793 1043 881 1113; x_wconf 88' lang='lat' dir='ltr'><strong>atquc</strong></span> <span class='ocrx_word' id='word_1_74' title='bbox 898 1052 1016 1104; x_wconf 92' lang='lat' dir='ltr'><strong>somno,</strong></span> <span class='ocrx_word' id='word_1_75' title='bbox 1042 1043 1094 1108; x_wconf 53' lang='lat' dir='ltr'><strong>inv¹</strong></span> 
     </span>
     <span class='ocr_line' id='line_1_11' title="bbox 101 1117 1119 1197; baseline 0.005 -19"><span class='ocrx_word' id='word_1_76' title='bbox 101 1117 179 1178; x_wconf 91' lang='lat' dir='ltr'><strong>docti</strong></span> <span class='ocrx_word' id='word_1_77' title='bbox 193 1117 352 1196; x_wconf 78' lang='lat' dir='ltr'><strong>incultique</strong></span> <span class='ocrx_word' id='word_1_78' title='bbox 367 1120 454 1179; x_wconf 88' lang='lat' dir='ltr'><strong>vitam</strong></span> <span class='ocrx_word' id='word_1_79' title='bbox 475 1121 560 1180; x_wconf 89' lang='lat' dir='ltr'><strong>sicuti</strong></span> <span class='ocrx_word' id='word_1_80' title='bbox 571 1120 793 1197; x_wconf 83' lang='lat' dir='ltr'><strong>peregrinantes</strong></span> <span class='ocrx_word' id='word_1_81' title='bbox 806 1120 961 1180; x_wconf 87' lang='lat' dir='ltr'><strong>transiere:</strong></span> <span class='ocrx_word' id='word_1_82' title='bbox 979 1121 1088 1197; x_wconf 84' lang='lat' dir='ltr'><strong>quibus</strong></span> <span class='ocrx_word' id='word_1_83' title='bbox 1097 1141 1119 1183; x_wconf 81' lang='lat' dir='ltr'><strong>n</strong></span> 
     </span>
     <span class='ocr_line' id='line_1_12' title="bbox 100 1201 1094 1281; baseline 0.003 -21"><span class='ocrx_word' id='word_1_84' title='bbox 100 1201 234 1280; x_wconf 85' lang='lat' dir='ltr'><strong>prolecto</strong></span> <span class='ocrx_word' id='word_1_85' title='bbox 251 1210 353 1261; x_wconf 87' lang='lat' dir='ltr'><strong>contra</strong></span> <span class='ocrx_word' id='word_1_86' title='bbox 368 1209 504 1264; x_wconf 86' lang='lat' dir='ltr'><strong>naturam</strong></span> <span class='ocrx_word' id='word_1_87' title='bbox 516 1221 624 1281; x_wconf 90' lang='lat' dir='ltr'><strong>corpus</strong></span> <span class='ocrx_word' id='word_1_88' title='bbox 636 1202 790 1281; x_wconf 89' lang='lat' dir='ltr'><strong>voluptati,</strong></span> <span class='ocrx_word' id='word_1_89' title='bbox 808 1204 903 1264; x_wconf 92' lang='lat' dir='ltr'><strong>anima</strong></span> <span class='ocrx_word' id='word_1_90' title='bbox 920 1205 1004 1263; x_wconf 90' lang='lat' dir='ltr'><strong>oneri</strong></span> <span class='ocrx_word' id='word_1_91' title='bbox 1020 1205 1094 1272; x_wconf 60' lang='lat' dir='ltr'><strong>suit,</strong></span> 
     </span>
     <span class='ocr_line' id='line_1_13' title="bbox 100 1285 1087 1367; baseline 0.003 -21"><span class='ocrx_word' id='word_1_92' title='bbox 100 1285 211 1346; x_wconf 85' lang='lat' dir='ltr'><strong>Eorum</strong></span> <span class='ocrx_word' id='word_1_93' title='bbox 231 1300 286 1362; x_wconf 83' lang='lat' dir='ltr'><strong>ego</strong></span> <span class='ocrx_word' id='word_1_94' title='bbox 305 1287 393 1347; x_wconf 83' lang='lat' dir='ltr'><strong>vitam</strong></span> <span class='ocrx_word' id='word_1_95' title='bbox 412 1294 597 1366; x_wconf 89' lang='lat' dir='ltr'><strong>mortemque</strong></span> <span class='ocrx_word' id='word_1_96' title='bbox 619 1289 698 1348; x_wconf 85' lang='lat' dir='ltr'><strong>iuxta</strong></span> <span class='ocrx_word' id='word_1_97' title='bbox 719 1295 860 1354; x_wconf 90' lang='lat' dir='ltr'><strong>aestumo,</strong></span> <span class='ocrx_word' id='word_1_98' title='bbox 885 1288 1024 1367; x_wconf 92' lang='lat' dir='ltr'><strong>quoniam</strong></span> <span class='ocrx_word' id='word_1_99' title='bbox 1051 1289 1087 1349; x_wconf 90' lang='lat' dir='ltr'><strong>dc</strong></span> 
     </span>
    </p>

    <p class='ocr_par' dir='ltr' id='par_1_5' title="bbox 76 1368 1117 1700">
     <span class='ocr_line' id='line_1_14' title="bbox 76 1368 1085 1448; baseline 0.003 -19"><span class='ocrx_word' id='word_1_100' title='bbox 76 1376 227 1448; x_wconf 72' lang='lat' dir='ltr'><strong>antraque</strong></span> <span class='ocrx_word' id='word_1_101' title='bbox 247 1368 358 1430; x_wconf 84' lang='lat' dir='ltr'><strong>siletur.</strong></span> <span class='ocrx_word' id='word_1_102' title='bbox 403 1369 513 1432; x_wconf 86' lang='lat' dir='ltr'><strong>Verum</strong></span> <span class='ocrx_word' id='word_1_103' title='bbox 535 1374 683 1432; x_wconf 86' lang='lat' dir='ltr'><strong>enimvero</strong></span> <span class='ocrx_word' id='word_1_104' title='bbox 704 1372 729 1431; x_wconf 89' lang='lat' dir='ltr'><strong>is</strong></span> <span class='ocrx_word' id='word_1_105' title='bbox 751 1372 870 1432; x_wconf 87' lang='lat' dir='ltr'><strong>demum</strong></span> <span class='ocrx_word' id='word_1_106' title='bbox 891 1370 963 1429; x_wconf 85' lang='lat' dir='ltr'><strong>milri</strong></span> <span class='ocrx_word' id='word_1_107' title='bbox 985 1373 1085 1433; x_wconf 89' lang='lat' dir='ltr'><strong>vivere</strong></span> 
     </span>
     <span class='ocr_line' id='line_1_15' title="bbox 102 1453 1093 1534; baseline 0.002 -20"><span class='ocrx_word' id='word_1_108' title='bbox 102 1461 189 1533; x_wconf 90' lang='lat' dir='ltr'><strong>atque</strong></span> <span class='ocrx_word' id='word_1_109' title='bbox 206 1453 265 1514; x_wconf 86' lang='lat' dir='ltr'><strong>frui</strong></span> <span class='ocrx_word' id='word_1_110' title='bbox 280 1455 376 1515; x_wconf 90' lang='lat' dir='ltr'><strong>anima</strong></span> <span class='ocrx_word' id='word_1_111' title='bbox 392 1456 523 1525; x_wconf 83' lang='lat' dir='ltr'><strong>ridetur,</strong></span> <span class='ocrx_word' id='word_1_112' title='bbox 541 1458 590 1534; x_wconf 93' lang='lat' dir='ltr'><strong>qui</strong></span> <span class='ocrx_word' id='word_1_113' title='bbox 609 1454 705 1533; x_wconf 87' lang='lat' dir='ltr'><strong>aliquo</strong></span> <span class='ocrx_word' id='word_1_114' title='bbox 721 1457 837 1531; x_wconf 84' lang='lat' dir='ltr'><strong>negotio</strong></span> <span class='ocrx_word' id='word_1_115' title='bbox 855 1455 984 1514; x_wconf 89' lang='lat' dir='ltr'><strong>intentus</strong></span> <span class='ocrx_word' id='word_1_116' title='bbox 999 1472 1093 1532; x_wconf 55' lang='lat' dir='ltr'><strong>praee</strong></span> 
     </span>
     <span class='ocr_line' id='line_1_16' title="bbox 102 1537 1117 1616; baseline 0.002 -18"><span class='ocrx_word' id='word_1_117' title='bbox 102 1537 174 1599; x_wconf 90' lang='lat' dir='ltr'><strong>olari</strong></span> <span class='ocrx_word' id='word_1_118' title='bbox 186 1537 325 1598; x_wconf 84' lang='lat' dir='ltr'><strong>facinoris</strong></span> <span class='ocrx_word' id='word_1_119' title='bbox 340 1545 390 1599; x_wconf 92' lang='lat' dir='ltr'><strong>aut</strong></span> <span class='ocrx_word' id='word_1_120' title='bbox 405 1541 475 1600; x_wconf 88' lang='lat' dir='ltr'><strong>artis</strong></span> <span class='ocrx_word' id='word_1_121' title='bbox 489 1539 585 1600; x_wconf 85' lang='lat' dir='ltr'><strong>honae</strong></span> <span class='ocrx_word' id='word_1_122' title='bbox 600 1539 707 1598; x_wconf 86' lang='lat' dir='ltr'><strong>lamam</strong></span> <span class='ocrx_word' id='word_1_123' title='bbox 718 1539 845 1616; x_wconf 88' lang='lat' dir='ltr'><strong>quaerit.</strong></span> <span class='ocrx_word' id='word_1_124' title='bbox 868 1537 918 1598; x_wconf 90' lang='lat' dir='ltr'><strong>Set</strong></span> <span class='ocrx_word' id='word_1_125' title='bbox 931 1540 961 1597; x_wconf 94' lang='lat' dir='ltr'><strong>in</strong></span> <span class='ocrx_word' id='word_1_126' title='bbox 978 1553 1117 1615; x_wconf 73' lang='lat' dir='ltr'><strong>magnac</strong></span> 
     </span>
     <span class='ocr_line' id='line_1_17' title="bbox 102 1620 833 1700; baseline -0.003 -18"><span class='ocrx_word' id='word_1_127' title='bbox 102 1623 185 1700; x_wconf 88' lang='lat' dir='ltr'><strong>copia</strong></span> <span class='ocrx_word' id='word_1_128' title='bbox 202 1625 305 1682; x_wconf 86' lang='lat' dir='ltr'><strong>rerum</strong></span> <span class='ocrx_word' id='word_1_129' title='bbox 324 1621 400 1682; x_wconf 84' lang='lat' dir='ltr'><strong>alind</strong></span> <span class='ocrx_word' id='word_1_130' title='bbox 424 1623 471 1683; x_wconf 90' lang='lat' dir='ltr'><strong>alii</strong></span> <span class='ocrx_word' id='word_1_131' title='bbox 492 1631 598 1683; x_wconf 89' lang='lat' dir='ltr'><strong>natura</strong></span> <span class='ocrx_word' id='word_1_132' title='bbox 622 1623 678 1681; x_wconf 89' lang='lat' dir='ltr'><strong>iter</strong></span> <span class='ocrx_word' id='word_1_133' title='bbox 699 1620 833 1680; x_wconf 85' lang='lat' dir='ltr'><strong>ostendit.</strong></span> 
     </span>
    </p>

    <p class='ocr_par' dir='ltr' id='par_1_6' title="bbox 71 1703 1087 1952">
     <span class='ocr_line' id='line_1_18' title="bbox 71 1703 1087 1781; baseline 0.004 -17"><span class='ocrx_word' id='word_1_134' title='bbox 71 1703 90 1764; x_wconf 88' lang='grc'><strong>3</strong></span> <span class='ocrx_word' id='word_1_135' title='bbox 186 1704 328 1766; x_wconf 80' lang='lat' dir='ltr'><strong>Pulcrum</strong></span> <span class='ocrx_word' id='word_1_136' title='bbox 346 1715 390 1766; x_wconf 91' lang='lat' dir='ltr'><strong>est</strong></span> <span class='ocrx_word' id='word_1_137' title='bbox 408 1705 599 1767; x_wconf 87' lang='lat' dir='ltr'><strong>benefacere</strong></span> <span class='ocrx_word' id='word_1_138' title='bbox 617 1706 662 1764; x_wconf 88' lang='lat' dir='ltr'><strong>rei</strong></span> <span class='ocrx_word' id='word_1_139' title='bbox 680 1703 830 1781; x_wconf 85' lang='lat' dir='ltr'><strong>publicae,</strong></span> <span class='ocrx_word' id='word_1_140' title='bbox 848 1706 934 1766; x_wconf 90' lang='lat' dir='ltr'><strong>etiam</strong></span> <span class='ocrx_word' id='word_1_141' title='bbox 950 1704 1027 1767; x_wconf 90' lang='lat' dir='ltr'><strong>bene</strong></span> <span class='ocrx_word' id='word_1_142' title='bbox 1043 1707 1087 1767; x_wconf 92' lang='lat' dir='ltr'><strong>di·</strong></span> 
     </span>
     <span class='ocr_line' id='line_1_19' title="bbox 102 1787 1087 1866; baseline 0.001 -16"><span class='ocrx_word' id='word_1_143' title='bbox 102 1807 171 1850; x_wconf 89' lang='lat' dir='ltr'><strong>cere</strong></span> <span class='ocrx_word' id='word_1_144' title='bbox 192 1789 263 1850; x_wconf 91' lang='lat' dir='ltr'><strong>haut</strong></span> <span class='ocrx_word' id='word_1_145' title='bbox 284 1789 446 1851; x_wconf 87' lang='lat' dir='ltr'><strong>absurdum</strong></span> <span class='ocrx_word' id='word_1_146' title='bbox 469 1797 527 1851; x_wconf 88' lang='lat' dir='ltr'><strong>est:</strong></span> <span class='ocrx_word' id='word_1_147' title='bbox 556 1787 602 1848; x_wconf 86' lang='lat' dir='ltr'><strong>vel</strong></span> <span class='ocrx_word' id='word_1_148' title='bbox 623 1800 697 1866; x_wconf 89' lang='lat' dir='ltr'><strong>pace</strong></span> <span class='ocrx_word' id='word_1_149' title='bbox 718 1787 764 1848; x_wconf 85' lang='lat' dir='ltr'><strong>vel</strong></span> <span class='ocrx_word' id='word_1_150' title='bbox 785 1787 863 1849; x_wconf 86' lang='lat' dir='ltr'><strong>bello</strong></span> <span class='ocrx_word' id='word_1_151' title='bbox 887 1789 999 1850; x_wconf 90' lang='lat' dir='ltr'><strong>clarum</strong></span> <span class='ocrx_word' id='word_1_152' title='bbox 1022 1791 1087 1852; x_wconf 82' lang='lat' dir='ltr'><strong>lieri</strong></span> 
     </span>
     <span class='ocr_line' id='line_1_20' title="bbox 100 1870 1086 1952; baseline 0.002 -19"><span class='ocrx_word' id='word_1_153' title='bbox 100 1873 183 1934; x_wconf 89' lang='lat' dir='ltr'><strong>licet:</strong></span> <span class='ocrx_word' id='word_1_154' title='bbox 198 1882 228 1933; x_wconf 85' lang='lat' dir='ltr'><strong>et</strong></span> <span class='ocrx_word' id='word_1_155' title='bbox 246 1875 295 1952; x_wconf 89' lang='lat' dir='ltr'><strong>qui</strong></span> <span class='ocrx_word' id='word_1_156' title='bbox 311 1874 410 1934; x_wconf 84' lang='lat' dir='ltr'><strong>iecere</strong></span> <span class='ocrx_word' id='word_1_157' title='bbox 425 1881 454 1934; x_wconf 87' lang='lat' dir='ltr'><strong>et</strong></span> <span class='ocrx_word' id='word_1_158' title='bbox 469 1873 518 1952; x_wconf 93' lang='lat' dir='ltr'><strong>qui</strong></span> <span class='ocrx_word' id='word_1_159' title='bbox 531 1871 607 1932; x_wconf 88' lang='lat' dir='ltr'><strong>iacta</strong></span> <span class='ocrx_word' id='word_1_160' title='bbox 624 1870 749 1932; x_wconf 89' lang='lat' dir='ltr'><strong>aliorum</strong></span> <span class='ocrx_word' id='word_1_161' title='bbox 764 1875 910 1950; x_wconf 71' lang='lat' dir='ltr'><strong>scripsere</strong></span> <span class='ocrx_word' id='word_1_162' title='bbox 923 1873 1007 1933; x_wconf 90' lang='lat' dir='ltr'><strong>multi</strong></span> <span class='ocrx_word' id='word_1_163' title='bbox 1024 1872 1086 1935; x_wconf 90' lang='lat' dir='ltr'><strong>lau·</strong></span> 
     </span>
    </p>

    <p class='ocr_par' dir='ltr' id='par_1_7' title="bbox 77 1955 1119 2455">
     <span class='ocr_line' id='line_1_21' title="bbox 77 1955 1117 2036; baseline 0.003 -21"><span class='ocrx_word' id='word_1_164' title='bbox 77 1958 221 2018; x_wconf 74' lang='lat' dir='ltr'><strong>tuantur.</strong></span> <span class='ocrx_word' id='word_1_165' title='bbox 255 1958 297 2017; x_wconf 77' lang='lat' dir='ltr'><strong>Ac</strong></span> <span class='ocrx_word' id='word_1_166' title='bbox 313 1957 385 2016; x_wconf 91' lang='lat' dir='ltr'><strong>mihi</strong></span> <span class='ocrx_word' id='word_1_167' title='bbox 401 1957 533 2036; x_wconf 74' lang='lat' dir='ltr'><strong>quibem,</strong></span> <span class='ocrx_word' id='word_1_168' title='bbox 550 1957 663 2016; x_wconf 86' lang='lat' dir='ltr'><strong>tametsi</strong></span> <span class='ocrx_word' id='word_1_169' title='bbox 677 1955 895 2034; x_wconf 83' lang='lat' dir='ltr'><strong>hautquaquam</strong></span> <span class='ocrx_word' id='word_1_170' title='bbox 915 1970 971 2034; x_wconf 92' lang='lat' dir='ltr'><strong>par</strong></span> <span class='ocrx_word' id='word_1_171' title='bbox 993 1957 1086 2033; x_wconf 81' lang='lat' dir='ltr'><strong>gloria</strong></span> <span class='ocrx_word' id='word_1_172' title='bbox 1097 1985 1117 2026; x_wconf 76' lang='lat' dir='ltr'><strong>a</strong></span> 
     </span>
     <span class='ocr_line' id='line_1_22' title="bbox 101 2041 1087 2120; baseline 0.001 -19"><span class='ocrx_word' id='word_1_173' title='bbox 101 2043 234 2120; x_wconf 88' lang='lat' dir='ltr'><strong>sequitur</strong></span> <span class='ocrx_word' id='word_1_174' title='bbox 247 2042 422 2120; x_wconf 80' lang='lat' dir='ltr'><strong>scriptorem</strong></span> <span class='ocrx_word' id='word_1_175' title='bbox 436 2046 467 2102; x_wconf 87' lang='lat' dir='ltr'><strong>et</strong></span> <span class='ocrx_word' id='word_1_176' title='bbox 481 2047 610 2100; x_wconf 88' lang='lat' dir='ltr'><strong>actorem</strong></span> <span class='ocrx_word' id='word_1_177' title='bbox 625 2056 740 2107; x_wconf 87' lang='lat' dir='ltr'><strong>rerum,</strong></span> <span class='ocrx_word' id='word_1_178' title='bbox 761 2046 859 2100; x_wconf 88' lang='lat' dir='ltr'><strong>tamen</strong></span> <span class='ocrx_word' id='word_1_179' title='bbox 876 2041 906 2099; x_wconf 88' lang='lat' dir='ltr'><strong>in</strong></span> <span class='ocrx_word' id='word_1_180' title='bbox 922 2041 1024 2118; x_wconf 75' lang='lat' dir='ltr'><strong>&#39;primia</strong></span> <span class='ocrx_word' id='word_1_181' title='bbox 1039 2052 1087 2102; x_wconf 55' lang='lat' dir='ltr'><strong>ar&gt;-</strong></span> 
     </span>
     <span class='ocr_line' id='line_1_23' title="bbox 102 2122 1087 2203; baseline 0 -16"><span class='ocrx_word' id='word_1_182' title='bbox 102 2126 194 2187; x_wconf 90' lang='lat' dir='ltr'><strong>‹luum</strong></span> <span class='ocrx_word' id='word_1_183' title='bbox 210 2124 324 2185; x_wconf 88' lang='lat' dir='ltr'><strong>videtur</strong></span> <span class='ocrx_word' id='word_1_184' title='bbox 342 2138 393 2186; x_wconf 85' lang='lat' dir='ltr'><strong>res</strong></span> <span class='ocrx_word' id='word_1_185' title='bbox 413 2130 509 2200; x_wconf 79' lang='lat' dir='ltr'><strong>gestas</strong></span> <span class='ocrx_word' id='word_1_186' title='bbox 523 2122 670 2199; x_wconf 86' lang='lat' dir='ltr'><strong>scrihere,</strong></span> <span class='ocrx_word' id='word_1_187' title='bbox 691 2124 819 2200; x_wconf 90' lang='lat' dir='ltr'><strong>primum</strong></span> <span class='ocrx_word' id='word_1_188' title='bbox 837 2125 916 2203; x_wconf 91' lang='lat' dir='ltr'><strong>quod</strong></span> <span class='ocrx_word' id='word_1_189' title='bbox 935 2123 1010 2185; x_wconf 87' lang='lat' dir='ltr'><strong>lacta</strong></span> <span class='ocrx_word' id='word_1_190' title='bbox 1026 2125 1087 2187; x_wconf 90' lang='lat' dir='ltr'><strong>dic·</strong></span> 
     </span>
     <span class='ocr_line' id='line_1_24' title="bbox 101 2206 1088 2287; baseline 0.002 -18"><span class='ocrx_word' id='word_1_191' title='bbox 101 2212 139 2270; x_wconf 85' lang='lat' dir='ltr'><strong>tis</strong></span> <span class='ocrx_word' id='word_1_192' title='bbox 161 2208 349 2286; x_wconf 83' lang='lat' dir='ltr'><strong>exaequanda</strong></span> <span class='ocrx_word' id='word_1_193' title='bbox 368 2215 452 2276; x_wconf 90' lang='lat' dir='ltr'><strong>sunt,</strong></span> <span class='ocrx_word' id='word_1_194' title='bbox 474 2207 580 2269; x_wconf 88' lang='lat' dir='ltr'><strong>dehinc</strong></span> <span class='ocrx_word' id='word_1_195' title='bbox 593 2209 659 2286; x_wconf 93' lang='lat' dir='ltr'><strong>quia</strong></span> <span class='ocrx_word' id='word_1_196' title='bbox 674 2206 808 2285; x_wconf 90' lang='lat' dir='ltr'><strong>plerique</strong></span> <span class='ocrx_word' id='word_1_197' title='bbox 825 2225 900 2287; x_wconf 93' lang='lat' dir='ltr'><strong>quae</strong></span> <span class='ocrx_word' id='word_1_198' title='bbox 919 2208 1024 2269; x_wconf 87' lang='lat' dir='ltr'><strong>delicta</strong></span> <span class='ocrx_word' id='word_1_199' title='bbox 1039 2226 1088 2272; x_wconf 90' lang='lat' dir='ltr'><strong>re·</strong></span> 
     </span>
     <span class='ocr_line' id='line_1_25' title="bbox 102 2284 1087 2372; baseline 0.001 -18"><span class='ocrx_word' id='word_1_200' title='bbox 102 2284 296 2372; x_wconf 76' lang='lat' dir='ltr'><strong>prehenderis</strong></span> <span class='ocrx_word' id='word_1_201' title='bbox 322 2290 515 2351; x_wconf 76' lang='lat' dir='ltr'><strong>malivolentia</strong></span> <span class='ocrx_word' id='word_1_202' title='bbox 545 2295 574 2352; x_wconf 92' lang='lat' dir='ltr'><strong>et</strong></span> <span class='ocrx_word' id='word_1_203' title='bbox 596 2291 702 2352; x_wconf 87' lang='lat' dir='ltr'><strong>invidia</strong></span> <span class='ocrx_word' id='word_1_204' title='bbox 725 2290 801 2352; x_wconf 87' lang='lat' dir='ltr'><strong>dicta</strong></span> <span class='ocrx_word' id='word_1_205' title='bbox 822 2299 940 2370; x_wconf 87' lang='lat' dir='ltr'><strong>putant,</strong></span> <span class='ocrx_word' id='word_1_206' title='bbox 970 2292 1021 2352; x_wconf 93' lang='lat' dir='ltr'><strong>ubi</strong></span> <span class='ocrx_word' id='word_1_207' title='bbox 1049 2294 1087 2355; x_wconf 88' lang='lat' dir='ltr'><strong>do</strong></span> 
     </span>
     <span class='ocr_line' id='line_1_26' title="bbox 103 2373 1119 2455; baseline 0.001 -18"><span class='ocrx_word' id='word_1_208' title='bbox 103 2388 210 2452; x_wconf 85' lang='lat' dir='ltr'><strong>magna</strong></span> <span class='ocrx_word' id='word_1_209' title='bbox 232 2375 339 2444; x_wconf 80' lang='lat' dir='ltr'><strong>virtute</strong></span> <span class='ocrx_word' id='word_1_210' title='bbox 357 2382 445 2454; x_wconf 84' lang='lat' dir='ltr'><strong>atque</strong></span> <span class='ocrx_word' id='word_1_211' title='bbox 469 2373 561 2452; x_wconf 72' lang='lat' dir='ltr'><strong>gloria</strong></span> <span class='ocrx_word' id='word_1_212' title='bbox 583 2375 730 2437; x_wconf 90' lang='lat' dir='ltr'><strong>bonorum</strong></span> <span class='ocrx_word' id='word_1_213' title='bbox 747 2394 911 2447; x_wconf 90' lang='lat' dir='ltr'><strong>memores,</strong></span> <span class='ocrx_word' id='word_1_214' title='bbox 934 2393 1009 2455; x_wconf 87' lang='lat' dir='ltr'><strong>quae</strong></span> <span class='ocrx_word' id='word_1_215' title='bbox 1031 2377 1119 2447; x_wconf 56' lang='lat' dir='ltr'><strong>sibim</strong></span> 
     </span>
    </p>

    <p class='ocr_par' dir='ltr' id='par_1_8' title="bbox 10 2457 1086 2623">
     <span class='ocr_line' id='line_1_27' title="bbox 10 2457 1086 2540; baseline 0 -20"><span class='ocrx_word' id='word_1_216' title='bbox 10 2495 14 2498; x_wconf 92' lang='lat'><em>-</em></span> <span class='ocrx_word' id='word_1_217' title='bbox 103 2461 226 2540; x_wconf 84' lang='lat' dir='ltr'><strong>quisque</strong></span> <span class='ocrx_word' id='word_1_218' title='bbox 247 2457 342 2520; x_wconf 83' lang='lat' dir='ltr'><strong>facilia</strong></span> <span class='ocrx_word' id='word_1_219' title='bbox 363 2458 443 2519; x_wconf 82' lang='lat' dir='ltr'><strong>factu</strong></span> <span class='ocrx_word' id='word_1_220' title='bbox 464 2464 548 2537; x_wconf 90' lang='lat' dir='ltr'><strong>putat</strong></span> <span class='ocrx_word' id='word_1_221' title='bbox 565 2478 660 2540; x_wconf 89' lang='lat' dir='ltr'><strong>aequo</strong></span> <span class='ocrx_word' id='word_1_222' title='bbox 681 2463 779 2522; x_wconf 91' lang='lat' dir='ltr'><strong>animo</strong></span> <span class='ocrx_word' id='word_1_223' title='bbox 801 2462 914 2538; x_wconf 74' lang='lat' dir='ltr'><strong>accipit</strong></span> <span class='ocrx_word' id='word_1_224' title='bbox 939 2477 1028 2536; x_wconf 90' lang='lat' dir='ltr'><strong>supra</strong></span> <span class='ocrx_word' id='word_1_225' title='bbox 1052 2479 1086 2520; x_wconf 92' lang='lat' dir='ltr'><strong>ea</strong></span> 
     </span>
     <span class='ocr_line' id='line_1_28' title="bbox 102 2541 564 2623; baseline 0.004 -20"><span class='ocrx_word' id='word_1_226' title='bbox 102 2544 191 2606; x_wconf 92' lang='lat' dir='ltr'><strong>veluti</strong></span> <span class='ocrx_word' id='word_1_227' title='bbox 212 2543 281 2605; x_wconf 79' lang='lat' dir='ltr'><strong>licta</strong></span> <span class='ocrx_word' id='word_1_228' title='bbox 298 2551 356 2623; x_wconf 85' lang='lat' dir='ltr'><strong>pro</strong></span> <span class='ocrx_word' id='word_1_229' title='bbox 375 2541 454 2603; x_wconf 83' lang='lat' dir='ltr'><strong>tarsis</strong></span> <span class='ocrx_word' id='word_1_230' title='bbox 476 2545 564 2605; x_wconf 85' lang='lat' dir='ltr'><strong>ducit.</strong></span> 
     </span>
    </p>

    <p class='ocr_par' dir='ltr' id='par_1_9' title="bbox 77 2625 1121 2874">
     <span class='ocr_line' id='line_1_29' title="bbox 77 2625 1086 2703; baseline -0.001 -15"><span class='ocrx_word' id='word_1_231' title='bbox 77 2643 94 2695; x_wconf 85' lang='lat' dir='ltr'><strong>a</strong></span> <span class='ocrx_word' id='word_1_232' title='bbox 189 2627 240 2688; x_wconf 80' lang='lat' dir='ltr'><strong>Sat</strong></span> <span class='ocrx_word' id='word_1_233' title='bbox 261 2643 316 2703; x_wconf 82' lang='lat' dir='ltr'><strong>ego</strong></span> <span class='ocrx_word' id='word_1_234' title='bbox 334 2626 571 2689; x_wconf 84' lang='lat' dir='ltr'><strong>adulescentulus</strong></span> <span class='ocrx_word' id='word_1_235' title='bbox 587 2629 669 2688; x_wconf 92' lang='lat' dir='ltr'><strong>initio</strong></span> <span class='ocrx_word' id='word_1_236' title='bbox 687 2628 771 2687; x_wconf 88' lang='lat' dir='ltr'><strong>sicuti</strong></span> <span class='ocrx_word' id='word_1_237' title='bbox 786 2625 920 2703; x_wconf 89' lang='lat' dir='ltr'><strong>plerique</strong></span> <span class='ocrx_word' id='word_1_238' title='bbox 935 2626 1031 2686; x_wconf 90' lang='lat' dir='ltr'><strong>studio</strong></span> <span class='ocrx_word' id='word_1_239' title='bbox 1048 2628 1086 2687; x_wconf 85' lang='lat' dir='ltr'><strong>ad</strong></span> 
     </span>
     <span class='ocr_line' id='line_1_30' title="bbox 102 2708 1084 2790; baseline -0.001 -19"><span class='ocrx_word' id='word_1_240' title='bbox 102 2709 330 2788; x_wconf 87' lang='lat' dir='ltr'><strong>rempublicam</strong></span> <span class='ocrx_word' id='word_1_241' title='bbox 346 2711 422 2772; x_wconf 86' lang='lat' dir='ltr'><strong>latus</strong></span> <span class='ocrx_word' id='word_1_242' title='bbox 442 2729 523 2782; x_wconf 89' lang='lat' dir='ltr'><strong>sum,</strong></span> <span class='ocrx_word' id='word_1_243' title='bbox 546 2712 645 2790; x_wconf 88' lang='lat' dir='ltr'><strong>ibique</strong></span> <span class='ocrx_word' id='word_1_244' title='bbox 660 2710 731 2770; x_wconf 84' lang='lat' dir='ltr'><strong>milri</strong></span> <span class='ocrx_word' id='word_1_245' title='bbox 745 2708 835 2768; x_wconf 86' lang='lat' dir='ltr'><strong>multa</strong></span> <span class='ocrx_word' id='word_1_246' title='bbox 851 2708 973 2768; x_wconf 84' lang='lat' dir='ltr'><strong>advorsa</strong></span> <span class='ocrx_word' id='word_1_247' title='bbox 989 2709 1084 2770; x_wconf 85' lang='lat' dir='ltr'><strong>luere.</strong></span> 
     </span>
     <span class='ocr_line' id='line_1_31' title="bbox 101 2789 1121 2874; baseline -0.007 -18"><span class='ocrx_word' id='word_1_248' title='bbox 101 2795 176 2856; x_wconf 89' lang='lat' dir='ltr'><strong>Nam</strong></span> <span class='ocrx_word' id='word_1_249' title='bbox 190 2809 246 2873; x_wconf 88' lang='lat' dir='ltr'><strong>pro</strong></span> <span class='ocrx_word' id='word_1_250' title='bbox 262 2795 385 2871; x_wconf 88' lang='lat' dir='ltr'><strong>pudore,</strong></span> <span class='ocrx_word' id='word_1_251' title='bbox 402 2813 457 2874; x_wconf 91' lang='lat' dir='ltr'><strong>pro</strong></span> <span class='ocrx_word' id='word_1_252' title='bbox 471 2795 659 2862; x_wconf 89' lang='lat' dir='ltr'><strong>abstinentia,</strong></span> <span class='ocrx_word' id='word_1_253' title='bbox 677 2809 732 2870; x_wconf 93' lang='lat' dir='ltr'><strong>pro</strong></span> <span class='ocrx_word' id='word_1_254' title='bbox 747 2792 854 2851; x_wconf 85' lang='lat' dir='ltr'><strong>virtute</strong></span> <span class='ocrx_word' id='word_1_255' title='bbox 872 2790 1008 2857; x_wconf 87' lang='lat' dir='ltr'><strong>audacia,</strong></span> <span class='ocrx_word' id='word_1_256' title='bbox 1024 2789 1085 2850; x_wconf 92' lang='lat' dir='ltr'><strong>lar·</strong></span> <span class='ocrx_word' id='word_1_257' title='bbox 1097 2827 1121 2864; x_wconf 72' lang='lat' dir='ltr'><strong>ao</strong></span> 
     </span>
    </p>

    <p class='ocr_par' dir='ltr' id='par_1_10' title="bbox 77 2873 1086 3031">
     <span class='ocr_line' id='line_1_32' title="bbox 77 2873 1076 2956; baseline -0.006 -16"><span class='ocrx_word' id='word_1_258' title='bbox 77 2879 182 2956; x_wconf 77' lang='lat' dir='ltr'><strong>agitio,</strong></span> <span class='ocrx_word' id='word_1_259' title='bbox 198 2879 316 2938; x_wconf 84' lang='lat' dir='ltr'><strong>avaritia</strong></span> <span class='ocrx_word' id='word_1_260' title='bbox 333 2879 478 2956; x_wconf 85' lang='lat' dir='ltr'><strong>vigebant.</strong></span> <span class='ocrx_word' id='word_1_261' title='bbox 509 2880 590 2951; x_wconf 86' lang='lat' dir='ltr'><strong>Quae</strong></span> <span class='ocrx_word' id='word_1_262' title='bbox 604 2876 718 2936; x_wconf 85' lang='lat' dir='ltr'><strong>tametsi</strong></span> <span class='ocrx_word' id='word_1_263' title='bbox 732 2874 847 2935; x_wconf 89' lang='lat' dir='ltr'><strong>animus</strong></span> <span class='ocrx_word' id='word_1_264' title='bbox 861 2873 1076 2952; x_wconf 84' lang='lat' dir='ltr'><strong>aspernabatur</strong></span> 
     </span>
     <span class='ocr_line' id='line_1_33' title="bbox 102 2957 1086 3031; baseline -0.003 -7"><span class='ocrx_word' id='word_1_265' title='bbox 102 2960 233 3024; x_wconf 83' lang='lat' dir='ltr'><strong>insoleus</strong></span> <span class='ocrx_word' id='word_1_266' title='bbox 247 2961 394 3024; x_wconf 84' lang='lat' dir='ltr'><strong>malarum</strong></span> <span class='ocrx_word' id='word_1_267' title='bbox 411 2966 532 3031; x_wconf 82' lang='lat' dir='ltr'><strong>artium,</strong></span> <span class='ocrx_word' id='word_1_268' title='bbox 548 2969 645 3021; x_wconf 89' lang='lat' dir='ltr'><strong>tamen</strong></span> <span class='ocrx_word' id='word_1_269' title='bbox 666 2960 742 3019; x_wconf 81' lang='lat' dir='ltr'><strong>inter</strong></span> <span class='ocrx_word' id='word_1_270' title='bbox 761 2964 841 3018; x_wconf 86' lang='lat' dir='ltr'><strong>tanta</strong></span> <span class='ocrx_word' id='word_1_271' title='bbox 861 2959 928 3018; x_wconf 90' lang='lat' dir='ltr'><strong>vitia</strong></span> <span class='ocrx_word' id='word_1_272' title='bbox 950 2957 1086 3021; x_wconf 89' lang='lat' dir='ltr'><strong>inbecilla</strong></span> 
     </span>
    </p>
   </div>
   <div class='ocr_carea' id='block_1_3' title="bbox 9 3038 1120 3542">
    <p class='ocr_par' dir='ltr' id='par_1_11' title="bbox 79 3038 1087 3126">
     <span class='ocr_line' id='line_1_34' title="bbox 79 3038 1087 3126; baseline -0.002 -19"><span class='ocrx_word' id='word_1_273' title='bbox 79 3053 186 3112; x_wconf 74' lang='lat' dir='ltr'><strong>saetas</strong></span> <span class='ocrx_word' id='word_1_274' title='bbox 208 3045 366 3108; x_wconf 86' lang='lat' dir='ltr'><strong>ambitione</strong></span> <span class='ocrx_word' id='word_1_275' title='bbox 382 3049 526 3126; x_wconf 88' lang='lat' dir='ltr'><strong>conrupta</strong></span> <span class='ocrx_word' id='word_1_276' title='bbox 540 3038 711 3106; x_wconf 74' lang='lat' dir='ltr'><strong>tenebatur:</strong></span> <span class='ocrx_word' id='word_1_277' title='bbox 733 3058 848 3112; x_wconf 87' lang='lat' dir='ltr'><strong>acme,</strong></span> <span class='ocrx_word' id='word_1_278' title='bbox 872 3058 940 3103; x_wconf 88' lang='lat' dir='ltr'><strong>cum</strong></span> <span class='ocrx_word' id='word_1_279' title='bbox 962 3041 998 3102; x_wconf 81' lang='lat' dir='ltr'><strong>ab</strong></span> <span class='ocrx_word' id='word_1_280' title='bbox 1016 3043 1087 3105; x_wconf 86' lang='lat' dir='ltr'><strong>reli·</strong></span> 
     </span>
    </p>

    <p class='ocr_par' dir='ltr' id='par_1_12' title="bbox 9 3125 1120 3293">
     <span class='ocr_line' id='line_1_35' title="bbox 9 3125 1085 3195; baseline -0.006 -3"><span class='ocrx_word' id='word_1_281' title='bbox 9 3129 12 3134; x_wconf 81' lang='grc'><em>’</em></span> <span class='ocrx_word' id='word_1_282' title='bbox 105 3140 227 3191; x_wconf 81' lang='lat' dir='ltr'><strong>catorum</strong></span> <span class='ocrx_word' id='word_1_283' title='bbox 250 3130 334 3190; x_wconf 83' lang='lat' dir='ltr'><strong>malis</strong></span> <span class='ocrx_word' id='word_1_284' title='bbox 355 3131 489 3192; x_wconf 84' lang='lat' dir='ltr'><strong>moribus</strong></span> <span class='ocrx_word' id='word_1_285' title='bbox 510 3129 708 3195; x_wconf 83' lang='lat' dir='ltr'><strong>dissentirem,</strong></span> <span class='ocrx_word' id='word_1_286' title='bbox 730 3125 822 3186; x_wconf 82' lang='lat' dir='ltr'><strong>rubilo</strong></span> <span class='ocrx_word' id='word_1_287' title='bbox 844 3129 942 3188; x_wconf 89' lang='lat' dir='ltr'><strong>minus</strong></span> <span class='ocrx_word' id='word_1_288' title='bbox 961 3126 1085 3189; x_wconf 89' lang='lat' dir='ltr'><strong>honoris</strong></span> 
     </span>
     <span class='ocr_line' id='line_1_36' title="bbox 105 3210 1120 3293; baseline -0.001 -18"><span class='ocrx_word' id='word_1_289' title='bbox 105 3214 211 3293; x_wconf 87' lang='lat' dir='ltr'><strong>cupido</strong></span> <span class='ocrx_word' id='word_1_290' title='bbox 222 3215 326 3274; x_wconf 77' lang='lat' dir='ltr'><strong>eadem</strong></span> <span class='ocrx_word' id='word_1_291' title='bbox 340 3216 502 3288; x_wconf 74' lang='lat' dir='ltr'><strong>eodemque</strong></span> <span class='ocrx_word' id='word_1_292' title='bbox 513 3226 588 3292; x_wconf 86' lang='lat' dir='ltr'><strong>quae</strong></span> <span class='ocrx_word' id='word_1_293' title='bbox 597 3220 711 3272; x_wconf 88' lang='lat' dir='ltr'><strong>ceteros</strong></span> <span class='ocrx_word' id='word_1_294' title='bbox 727 3210 804 3272; x_wconf 82' lang='lat' dir='ltr'><strong>sama</strong></span> <span class='ocrx_word' id='word_1_295' title='bbox 817 3219 905 3290; x_wconf 88' lang='lat' dir='ltr'><strong>atque</strong></span> <span class='ocrx_word' id='word_1_296' title='bbox 919 3211 1025 3272; x_wconf 84' lang='lat' dir='ltr'><strong>invidia</strong></span> <span class='ocrx_word' id='word_1_297' title='bbox 1038 3232 1083 3274; x_wconf 92' lang='lat' dir='ltr'><strong>ve·</strong></span> <span class='ocrx_word' id='word_1_298' title='bbox 1097 3247 1120 3288; x_wconf 54' lang='grc' dir='ltr'>ω</span> 
     </span>
    </p>

    <p class='ocr_par' dir='ltr' id='par_1_13' title="bbox 71 3294 1087 3542">
     <span class='ocr_line' id='line_1_37' title="bbox 71 3294 1087 3375; baseline -0.004 -16"><span class='ocrx_word' id='word_1_299' title='bbox 71 3297 200 3359; x_wconf 72' lang='lat' dir='ltr'><strong>trabat.</strong></span> <span class='ocrx_word' id='word_1_300' title='bbox 236 3297 328 3375; x_wconf 84' lang='lat' dir='ltr'><strong>igitur</strong></span> <span class='ocrx_word' id='word_1_301' title='bbox 342 3298 393 3359; x_wconf 90' lang='lat' dir='ltr'><strong>ubi</strong></span> <span class='ocrx_word' id='word_1_302' title='bbox 409 3300 523 3358; x_wconf 87' lang='lat' dir='ltr'><strong>animus</strong></span> <span class='ocrx_word' id='word_1_303' title='bbox 538 3314 572 3356; x_wconf 84' lang='lat' dir='ltr'><strong>ex</strong></span> <span class='ocrx_word' id='word_1_304' title='bbox 592 3294 690 3356; x_wconf 87' lang='lat' dir='ltr'><strong>multis</strong></span> <span class='ocrx_word' id='word_1_305' title='bbox 704 3296 829 3356; x_wconf 86' lang='lat' dir='ltr'><strong>miseriis</strong></span> <span class='ocrx_word' id='word_1_306' title='bbox 844 3302 933 3375; x_wconf 88' lang='lat' dir='ltr'><strong>atque</strong></span> <span class='ocrx_word' id='word_1_307' title='bbox 948 3295 1087 3373; x_wconf 87' lang='lat' dir='ltr'><strong>periculis</strong></span> 
     </span>
     <span class='ocr_line' id='line_1_38' title="bbox 104 3378 1087 3460; baseline -0.002 -18"><span class='ocrx_word' id='word_1_308' title='bbox 104 3381 248 3460; x_wconf 83' lang='lat' dir='ltr'><strong>requievit</strong></span> <span class='ocrx_word' id='word_1_309' title='bbox 266 3391 294 3444; x_wconf 81' lang='lat' dir='ltr'><strong>et</strong></span> <span class='ocrx_word' id='word_1_310' title='bbox 309 3381 380 3444; x_wconf 87' lang='lat' dir='ltr'><strong>mibi</strong></span> <span class='ocrx_word' id='word_1_311' title='bbox 401 3382 542 3443; x_wconf 82' lang='lat' dir='ltr'><strong>relicuum</strong></span> <span class='ocrx_word' id='word_1_312' title='bbox 556 3382 680 3441; x_wconf 85' lang='lat' dir='ltr'><strong>aetatem</strong></span> <span class='ocrx_word' id='word_1_313' title='bbox 696 3398 712 3440; x_wconf 90' lang='lat' dir='ltr'><strong>a</strong></span> <span class='ocrx_word' id='word_1_314' title='bbox 731 3378 897 3457; x_wconf 87' lang='lat' dir='ltr'><strong>republica</strong></span> <span class='ocrx_word' id='word_1_315' title='bbox 912 3379 1017 3457; x_wconf 91' lang='lat' dir='ltr'><strong>procul</strong></span> <span class='ocrx_word' id='word_1_316' title='bbox 1034 3379 1087 3440; x_wconf 92' lang='lat' dir='ltr'><strong>ha·</strong></span> 
     </span>
     <span class='ocr_line' id='line_1_39' title="bbox 103 3463 1085 3542; baseline -0.002 -15"><span class='ocrx_word' id='word_1_317' title='bbox 103 3465 233 3528; x_wconf 83' lang='lat' dir='ltr'><strong>bendum</strong></span> <span class='ocrx_word' id='word_1_318' title='bbox 249 3467 381 3537; x_wconf 75' lang='lat' dir='ltr'><strong>decreti,</strong></span> <span class='ocrx_word' id='word_1_319' title='bbox 403 3468 464 3528; x_wconf 76' lang='lat' dir='ltr'><strong>utin</strong></span> <span class='ocrx_word' id='word_1_320' title='bbox 482 3466 536 3527; x_wconf 87' lang='lat' dir='ltr'><strong>luit</strong></span> <span class='ocrx_word' id='word_1_321' title='bbox 551 3463 704 3526; x_wconf 80' lang='lat' dir='ltr'><strong>conantum</strong></span> <span class='ocrx_word' id='word_1_322' title='bbox 719 3463 852 3524; x_wconf 86' lang='lat' dir='ltr'><strong>socordia</strong></span> <span class='ocrx_word' id='word_1_323' title='bbox 868 3471 955 3542; x_wconf 85' lang='lat' dir='ltr'><strong>atque</strong></span> <span class='ocrx_word' id='word_1_324' title='bbox 977 3463 1085 3524; x_wconf 80' lang='lat' dir='ltr'><strong>desidia</strong></span> 
     </span>
    </p>
   </div>
   <div class='ocr_carea' id='block_1_4' title="bbox 0 0 1216 3864">
    <p class='ocr_par' dir='ltr' id='par_1_14' title="bbox 0 0 1216 3864">
     <span class='ocr_line' id='line_1_40' title="bbox 0 0 1216 3864; baseline 0 0"><span class='ocrx_word' id='word_1_325' title='bbox 0 0 1216 3864; x_wconf 95' lang='lat' dir='ltr'><strong> </strong></span> 
     </span>
    </p>
   </div>
  </div>
 </body>
</html>
