2378 3864
350 188 390 230 nx
412 188 576 231 moronus
600 188 796 232 excesseras.
1002 172 1061 235 117

84 334 255 403 interesset,
275 334 373 397 multis
389 336 461 396 mihi
477 336 681 398 disserundum
703 337 772 405 luit,
795 336 977 416 docendique
991 357 1062 418 quas

84 416 123 478 ob
145 416 266 477 iniurias
279 425 308 480 et
327 421 488 498 quotiensa
504 418 636 497 patribus
649 416 759 480 armata
778 419 879 499 plebes
896 423 1063 483 secessisset

84 501 187 580 utique
208 501 336 563 vindices
355 504 514 582 paravisset
528 504 621 563 omnis
643 505 715 564 iuris
736 506 782 564 sui
799 503 931 565 tribunos
949 502 1061 583 plebei:

84 601 166 645 nunc
191 584 303 648 hortari
329 586 416 648 modo
443 585 565 647 relicum
593 592 636 646 est
662 592 690 647 et
715 588 758 647 ire
781 588 909 667 primum
928 589 981 658 via,
1006 601 1095 668 quaa

62 668 298 746 scapessnndam
310 670 437 731 arbitror
450 668 623 730 libertatem.
638 668 739 749 Neque
751 689 799 732 me
809 672 956 750 praeterit,
970 689 1060 749 quau·
1078 677 1095 729 3

85 760 130 812 tas
156 768 228 830 opes
256 752 413 815 nobilitatis
435 751 515 814 solus
533 753 676 831 inpotens,
694 754 772 814 inani
791 756 888 833 specie
910 756 1061 832 magistra-

86 843 141 904 tus,
165 834 275 917 pellere
298 837 494 898 dominatione
512 837 657 915 incipiam,
680 843 848 918 quantoque
869 839 958 900 tutius
975 837 1061 899 tactio

85 919 241 980 noxiorum
262 927 328 999 agat
348 938 434 1002 qnam
453 919 507 980 soli
526 921 704 981 innocentes.

173 1001 224 1064 Set
243 1011 361 1082 praeter
380 1021 462 1082 spem
482 1002 590 1064 bonam
605 1021 642 1065 ex
658 1003 748 1073 vobis,
770 1021 845 1084 quae
857 1012 967 1066 metum
985 1005 1061 1075 vicit,
1080 1019 1096 1068 t

53 1087 174 1147 metatui
195 1087 361 1148 certaminis
382 1086 504 1148 advorsa
524 1103 579 1164 pro
599 1085 732 1149 libertate
754 1088 868 1167 potiora
901 1105 964 1149 esse
994 1088 1063 1149 torti

86 1170 149 1230 viro
176 1187 263 1249 quam
285 1172 402 1231 omnino
423 1187 483 1230 non
506 1171 668 1230 certavisse.
689 1171 871 1249 Quamquam
893 1188 994 1232 omnes
1015 1170 1096 1238 aliie

86 1253 178 1314 creati
201 1271 256 1332 pro
281 1255 345 1315 iure
366 1260 464 1314 vostro
484 1255 542 1314 vim
562 1259 698 1313 cunctam
720 1259 748 1314 et
760 1255 885 1331 imperia
902 1271 954 1314 sua
970 1257 1062 1331 gratia

88 1345 138 1398 aut
159 1353 211 1416 spe
236 1344 287 1398 aut
306 1338 444 1417 praemiis
465 1336 574 1375 *m*
592 1336 622 1397 in
644 1354 694 1396 vos
710 1344 882 1399 convortere
901 1335 1063 1416 meliusque

87 1419 199 1481 babent
216 1420 353 1482 mercede
368 1419 537 1500 delinquere
559 1437 646 1498 mam
667 1421 755 1500 gratis
774 1427 855 1482 recte
878 1421 985 1482 tacere.
1007 1421 1097 1483 lta-o

55 1519 148 1584 reqvie
170 1520 272 1565 omnes
294 1521 466 1566 concessere
476 1504 534 1565 iam
545 1505 575 1564 in
587 1520 750 1582 paucorum
761 1504 997 1577 dominationem
1014 1507 1064 1585 qui

88 1605 143 1667 per
165 1585 289 1648 militare
308 1604 415 1649 nomen
438 1589 584 1649 aerarium
606 1589 765 1657 exercitus,
786 1604 878 1664 regna
900 1590 1064 1667 provincias

90 1687 273 1749 occupavere
295 1677 323 1733 et
344 1680 443 1733 arcem
466 1670 576 1733 babent
601 1689 636 1731 ex
660 1670 760 1750 spoliis
783 1672 902 1733 vostris:
931 1690 999 1732 cum
1020 1674 1064 1733 in-

89 1756 176 1816 terim
188 1771 271 1814 more
282 1771 424 1833 pecorum
439 1772 489 1815 vos
501 1753 655 1816 multitudo
668 1754 788 1832 singulis
802 1754 952 1816 habendos
964 1754 1064 1817 fruen-

90 1839 202 1917 dosque
222 1837 378 1917 praebetis,
407 1839 486 1900 exuti
507 1837 643 1900 omnibus
664 1857 738 1918 quae
757 1839 882 1900 maiores
901 1837 1063 1918 reliquere:

57 1922 146 1983 renisi
166 1923 233 2000 quia
253 1921 396 1984 vobismet
420 1923 475 2000 ipsi
502 1938 557 2000 per
579 1923 731 2001 sutfragia,
763 1929 796 1984 ut
816 1922 965 2001 praesides
985 1922 1063 1993 elin,

88 2022 170 2066 nunc
189 2003 322 2065 dominos
344 2005 499 2068 destinatis.
535 2005 636 2085 ltaque
660 2023 832 2068 concessere
856 2005 925 2068 illuc
946 2023 1097 2074 omneszr

90 2095 120 2169 at
142 2104 220 2157 mox,
243 2089 267 2147 si
288 2095 385 2150 vostra
408 2090 587 2168 receperitis,
608 2088 709 2150 advos
725 2088 867 2168 plerique.
889 2088 975 2150 Raris
988 2091 1064 2150 enim

90 2172 204 2234 animus
217 2171 305 2232 estad
318 2189 360 2240 ea,
375 2189 449 2250 quae
460 2173 565 2241 iacent,
578 2171 777 2233 defendunda:
791 2174 881 2233 ceteri
894 2172 1065 2234 validiorum

76 2263 168 2316 sunt.
201 2254 246 2315 An
269 2254 390 2316 dubium
417 2254 544 2324 habetis,
566 2272 638 2315 num
662 2254 790 2316 obticere
808 2255 878 2334 quid
902 2256 984 2316 vobis
1005 2267 1099 2318 unos

55 2354 79 2395 aa
90 2340 188 2400 animo
206 2338 394 2418 pergentibus
415 2341 514 2417 possit,
529 2355 603 2417 quos
619 2337 771 2419 languidos
787 2339 977 2419 socordisque
997 2357 1065 2418 per·

90 2421 233 2484 timuere?
274 2421 334 2483 Nisi
356 2421 432 2484 lorte
453 2423 488 2485 G.
509 2421 605 2491 Cotta,
635 2440 669 2482 ex
692 2421 817 2483 factione
838 2422 934 2483 media
955 2423 1065 2491 consui.

79 2505 176 2567 ‘aliter
202 2520 289 2584 quana
310 2512 391 2568 metu
411 2507 475 2568 iura
496 2505 638 2584 quaedam
661 2504 784 2566 tribunis
808 2504 905 2583 plebei
932 2506 1065 2567 restituit.

90 2588 209 2651 Scilicet
230 2608 406 2671 quamquam
424 2589 457 2650 L.
479 2588 603 2649 Sicinius
623 2589 737 2667 primus
757 2587 793 2649 de
812 2593 955 2667 potestate
972 2589 1066 2650 tribu·

89 2674 166 2734 nicia
192 2670 273 2752 ioqui
293 2692 380 2735 ausus
398 2671 596 2735 mussantibus
607 2671 688 2733 vobis
701 2672 916 2733 circumventus
931 2678 1001 2742 erat,
1023 2679 1066 2734 ta·

54 2772 79 2815 eo
90 2773 159 2818 men
180 2757 262 2835 prius
275 2756 315 2819 iili
329 2758 463 2820 invidiam
481 2764 614 2818 metuere
634 2773 722 2835 quam
741 2773 793 2816 vos
814 2756 938 2818 iniuriae
952 2764 1067 2835 pertae-

90 2858 159 2902 sum
181 2848 233 2902 est.
267 2838 352 2910 Quod
376 2859 430 2922 ego
454 2858 569 2920 nequeo
590 2840 658 2901 satis
683 2840 798 2909 mirari,
828 2837 970 2909 Quiritem
999 2858 1067 2902 nam

90 2941 175 3002 spem
195 2923 304 2984 trustra
326 2925 415 2988 luisse
441 2923 630 2986 intellexistis.
672 2921 752 2984 Sulla
771 2934 905 2995 mortuo,
931 2925 981 3003 qui
1002 2937 1099 2989 sce-e

90 3008 197 3069 lestum
220 3008 390 3086 inposuerat
409 3009 566 3078 servitium,
588 3007 677 3067 tinem
693 3005 762 3067 maii
782 3007 959 3070 credebatis:
985 3013 1067 3070 ortus

92 3098 137 3153 est
154 3089 242 3171 longe
263 3093 375 3152 saevior
398 3090 525 3152 Catulus.
565 3089 719 3152 Tumultus
741 3091 904 3152 intercessit
925 3091 1016 3152 Bruto
1039 3098 1068 3151 et
1086 3102 1118 3156 10

56 3175 240 3237 seldamerco
262 3174 443 3237 consulibus:
468 3174 535 3236 dein
557 3175 592 3237 G.
612 3173 700 3235 Curio
716 3174 753 3235 ad
773 3176 892 3237 exitium
913 3191 1004 3252 usque
1023 3175 1066 3235 in·

88 3259 183 3320 sontis
193 3258 304 3321 tribuni
318 3260 482 3321 dominatus
499 3266 552 3320 est.
574 3256 711 3319 Lucullus
724 3260 876 3339 superiore
888 3275 965 3318 anno
976 3274 1067 3336 quan·
1088 3271 1117 3324 ιι

90 3345 126 3404 tie
147 3359 252 3404 animis
271 3351 337 3405 rent
358 3362 388 3405 m
411 3343 444 3404 L.
465 3341 628 3412 Quintium,
653 3338 777 3403 vidistis:
801 3348 926 3421 quantae
943 3341 1068 3421 denique

89 3444 169 3488 nunc
190 3425 261 3487 mibi
284 3427 387 3490 turbae
412 3425 610 3488 concitantur!
649 3423 729 3494 Quae
749 3424 882 3505 proiecto
903 3427 933 3487 in
954 3441 1068 3488 cassum
