2378 3864
183 193 227 234 nn
251 191 421 235 carrarum
446 189 686 236 courvssrronn
706 197 735 241 o·
756 185 800 239 33.
821 185 865 240 34.
888 187 932 241 et.
1005 177 1043 237 t'l

70 359 166 420 neque
182 343 320 421 cuiquam
337 348 473 402 nostrum
493 339 572 402 licuit
592 360 674 403 more
690 348 833 404 maiorum
854 342 919 419 lege
938 344 979 404 uti
993 363 1045 405 ne·

70 444 128 504 que
140 425 246 485 amisso
254 426 431 502 patrimonio
443 423 567 485 bberum
580 443 686 504 corpus
699 426 824 488 habere:
836 432 915 487 tanta
928 428 1045 488 sacritia

70 509 270 570 feneratorum
292 514 378 586 atque
394 510 537 588 praetoris
557 507 618 568 fuit.
653 509 745 587 Saepe
766 511 892 571 maiores
905 517 1034 572 rostrum
1055 517 1071 568 3

69 593 192 653 miseriti
209 590 303 668 plebis
323 591 470 652 Romanae
510 592 633 653 decretis
654 595 713 654 suis
732 595 848 670 inopiae
865 594 928 654 cius
950 597 1044 672 opitu·

68 677 119 736 tati
138 682 220 744 sunt,
242 694 277 736 ac
293 677 457 736 novissume
473 676 615 735 memoria
641 683 740 737 nostra
760 683 881 755 propter
902 679 1044 755 magnitu-

69 757 169 820 dinem
186 760 263 819 aeris
278 758 362 819 alieni
375 757 537 819 volentibus
552 758 686 820 omnbus
704 759 788 820 bonis
803 767 955 837 argentum
977 778 1045 822 aere

69 842 198 904 solutum
219 851 272 903 est.
290 842 383 919 Saepe
400 843 462 919 ipsa
483 840 599 919 plebes,
619 850 670 903 aut
690 843 856 904 dominandi
867 844 963 904 studio
978 851 1071 922 per-4

70 931 150 986 mota
165 932 215 986 aut
228 925 364 1004 superbia
378 927 608 1002 magistratuum,
623 933 735 988 armata
745 943 762 986 a
773 927 904 1004 patribus
916 930 1044 989 secessit.

68 1011 242 1072 tenesmon
256 1010 401 1087 inperium
415 1027 511 1087 neque
527 1008 637 1071 divitias
649 1012 790 1088 petimus,
807 1028 932 1089 marum
944 1020 1070 1073 rerume

33 1111 59 1153 ro
70 1110 158 1155 eausa
187 1091 263 1154 bella
280 1102 366 1172 atque
382 1095 538 1154 certamina
554 1094 651 1154 omnia
667 1096 743 1156 inter
755 1093 890 1156 mortalis
906 1103 987 1165 sunt,
1003 1103 1047 1157 set

68 1178 243 1246 libertatern,
263 1193 451 1255 quemnemo
467 1175 561 1238 bonus
577 1178 632 1237 nisi
645 1195 712 1238 cum
727 1180 823 1239 anima
834 1180 921 1242 simul
932 1183 1047 1244 amittit.

68 1261 113 1323 Te
134 1267 222 1338 atque
244 1266 376 1321 senatum
399 1259 592 1330 obtestamm,
615 1261 770 1323 consulatis
791 1263 904 1323 miseris
925 1262 1073 1333 civibust

68 1345 142 1422 legis
157 1344 350 1422 praesidium,
367 1342 446 1422 qued
464 1344 598 1421 iniquitas
613 1346 756 1422 praetoris
771 1347 892 1422 eripuit,
913 1348 1046 1406 restitua-

68 1430 121 1498 tis,
132 1445 209 1490 neve
224 1426 309 1488 uobis
320 1445 384 1488 eam
395 1427 636 1488 necessitudinem
648 1429 805 1506 inponatis,
819 1435 853 1490 ut
863 1445 1046 1507 quaeramus,

32 1531 59 1571 rs
70 1527 200 1590 quonam
215 1511 303 1572 modo
317 1528 453 1571 maxume
469 1509 521 1572 ulti
539 1512 710 1588 sanguinem
725 1518 858 1573 nostrum
872 1512 1045 1589 pereamus'.

69 1595 114 1656 Ad
131 1594 204 1656 baec
218 1596 252 1668 Q.
267 1595 391 1655 Marcius
405 1594 577 1672 respondet:
593 1597 617 1655 si
631 1595 699 1674 quid
714 1595 751 1656 ab
766 1601 867 1656 senatu
885 1602 986 1673 petere
1000 1615 1047 1658 re·
1058 1594 1097 1657 et

70 1679 139 1748 lint,
163 1678 199 1740 ab
216 1680 304 1739 armis
324 1677 485 1748 discedant,
506 1678 629 1741 Romam
644 1678 789 1758 subplices
810 1679 1046 1758 proficiscantur:

38 1788 40 1792 ⁴
70 1781 105 1823 ea
119 1763 340 1824 mansuetudine
355 1769 441 1840 atque
456 1763 655 1824 misericordia
667 1770 799 1825 senatum
813 1763 914 1842 populi
924 1763 1048 1825 Romani

70 1863 188 1924 semper
214 1845 319 1914 fuisse,
349 1852 382 1905 ut
403 1862 489 1906 nemo
511 1862 648 1925 umquam
669 1846 758 1908 abeo
780 1846 888 1909 trustra
909 1846 1047 1909 auxilinm

38 1930 212 2008 repetiverit.

154 2012 191 2073 m
205 2011 324 2074 Catilina
340 2031 375 2073 er
390 2013 493 2072 itinere
508 2011 654 2092 plerisque
669 2013 879 2083 consularibus,
895 2021 1073 2091 praetereas

60 2105 191 2176 optumo
206 2097 316 2174 cuique
335 2095 433 2156 literas
454 2098 549 2168 nuttit,
575 2114 605 2157 se
627 2095 705 2157 falsis
727 2097 897 2158 oriminibus
920 2098 1046 2157 circum·

69 2188 206 2249 ventum,
230 2181 366 2258 quoniam
379 2179 501 2240 vlectioni
516 2181 706 2245 inimicorum
721 2183 858 2241 resistere
875 2181 1045 2259 nequiverit,

69 2265 206 2325 fortunae
228 2262 348 2331 cedere,
370 2261 522 2322 Massiliam
539 2264 573 2323 in
593 2263 709 2325 enllium
729 2264 887 2342 proticisci,
908 2280 967 2323 non
990 2281 1046 2342 quo

32 2348 125 2410 assibi
147 2346 220 2405 tanti
241 2344 360 2405 sceleris
381 2347 513 2406 conscius
534 2353 679 2416 esset,set
694 2350 736 2408 uti
754 2346 933 2425 respublica
952 2349 1047 2425 quieta

70 2432 149 2492 foret
162 2445 236 2488 neve
249 2446 284 2488 ex
301 2445 353 2488 sua
365 2431 547 2489 contentione
561 2430 663 2490 seditio
675 2432 812 2491 oriretur.
841 2429 885 2491 to
900 2431 945 2490 his
962 2429 1072 2506 longer

70 2515 203 2576 divorsas
225 2511 335 2572 litteras
355 2511 389 2583 Q.
411 2510 527 2572 Catulus
549 2513 579 2571 in
600 2519 702 2573 senatu
717 2514 867 2581 recitarit,
893 2530 965 2590 quas
994 2512 1048 2572 sibi

70 2599 189 2660 nomine
207 2594 343 2656 Catilinae
360 2594 487 2656 redditas
506 2595 628 2656 dicebat.
662 2595 770 2657 Earum
788 2594 953 2673 exemplum
973 2595 1049 2656 inira
1079 2639 1081 2643 -

70 2683 213 2759 seriptum
235 2686 294 2740 est:
318 2679 359 2739 ‘L.
377 2677 495 2740 Catilina
511 2680 544 2752 Q.
565 2677 673 2740 Catule.
709 2679 834 2757 Egregia
857 2684 905 2740 tna
926 2679 998 2740 tides
1015 2698 1048 2740 re
1059 2679 1098 2741 35

33 2787 62 2831 ao
72 2765 202 2842 cognita,
219 2769 301 2840 grate
313 2762 384 2824 mihi
398 2764 513 2842 magnis
526 2764 558 2825 in
570 2764 642 2824 meis
658 2762 809 2842 periculis,
829 2763 964 2824 fiduciam
978 2781 1047 2824 con-

70 2846 249 2910 mendationi
275 2864 358 2907 meae
379 2845 488 2907 tribuit.
536 2847 628 2919 Quam
656 2847 693 2907 ob
716 2864 780 2908 rem
801 2845 999 2908 defensionem
1018 2849 1074 2908 int

70 2949 149 2993 nevo
164 2929 283 2992 consilio
294 2947 353 2989 non
369 2931 585 3008 statuiparare,
602 2930 825 2991 satisfactionem
840 2948 875 2990 ex
890 2930 967 2992 nulla
981 2948 1049 2993 con-

71 3016 191 3076 scientia
207 3015 243 3074 do
259 3012 344 3091 culpa
360 3029 526 3090 proponere
540 3013 664 3084 decrevi,
681 3031 782 3093 quam,
800 3032 847 3074 me
864 3014 928 3076 dius
938 3014 1047 3083 Fidius,

72 3115 173 3160 veram
192 3096 261 3158 licet
282 3111 450 3174 cognoscas.
479 3095 594 3158 Iniuriis
616 3095 855 3176 contumeliisque
877 3099 1046 3165 concitatus,

32 3205 62 3248 aa
72 3181 152 3262 quod
175 3181 271 3241 fructu
284 3179 393 3240 laboris
410 3179 625 3259 industriaeque
643 3199 725 3241 meae
742 3182 871 3258 privatus
885 3187 991 3242 statum
1006 3178 1075 3239 ‹ti-s

72 3265 189 3344 gnitatis
210 3281 268 3324 non
289 3262 466 3341 optinebam,
488 3262 634 3341 publicam
653 3265 826 3326 miserorum
842 3279 971 3324 caussam
993 3280 1048 3339 pro

71 3367 138 3412 mea
160 3346 369 3409 consuetudine
389 3349 517 3425 suscepi,
541 3364 600 3407 non
616 3350 681 3426 quia
698 3366 745 3408 aes
761 3347 886 3409 alienum
908 3346 980 3405 meis
996 3363 1049 3404 no-

70 3430 200 3495 minibus
215 3449 250 3491 er
263 3430 495 3509 possessionibus
510 3430 622 3492 solvere
636 3449 694 3492 non
709 3447 839 3510 possem,
856 3448 923 3491 curn
941 3427 1051 3490 seilicet

138 3532 272 3584 Succusa.
878 3530 899 3591 Ἰ
