2378 3864
119 153 160 212 66
332 168 376 209 nn
398 166 501 211 annno
520 165 721 227 rvuvnrarue
739 164 768 207 o.
784 157 829 211 45.
845 158 889 211 46.

92 317 266 385 aderatum:
279 334 407 394 namque
419 315 514 376 edicto
525 316 653 393 primum
668 316 834 377 adiumenta
850 316 983 394 ignaviae
1008 327 1101 380 sustu

118 402 202 469 iisse,
226 419 264 462 ne
287 402 441 480 quisquam
461 399 491 459 in
508 400 612 460 castris
629 417 735 479 panem
756 406 806 460 aut
823 417 910 478 quem
930 400 1024 462 alium
1039 421 1104 465 eoc-

118 495 181 546 tum
204 484 302 545 eibum
325 483 479 551 venderet,
501 498 539 544 ne
560 481 636 544 lixae
658 485 819 545 exercitum
833 493 1048 562 sequerentur,
1068 505 1104 549 ne

117 568 200 629 miles
223 569 377 646 gregarius
398 567 429 626 in
447 567 551 627 castris
572 584 646 628 nere
666 568 697 627 in
719 568 836 643 agmine
851 583 972 628 serrum
986 577 1042 630 aut
1062 573 1103 631 iu·

119 660 250 713 mentum
265 651 401 712 haberet:
422 650 528 711 ceteris
548 658 611 711 arte
628 650 748 710 modum
765 650 908 710 statuisse.
941 651 1118 715 Praetereas

117 736 292 797 transvorsis
307 733 460 796 itineribus
475 733 581 794 cotidie
591 742 687 796 castra
705 751 833 803 morere,
852 735 931 794 iuxta
949 754 985 797 ac
1004 739 1033 797 si
1052 738 1103 798 bo

118 829 176 881 stes
192 820 328 880 adessent
341 817 416 878 vallo
434 825 521 896 atque
540 816 618 878 fossa
633 819 758 887 munire,
773 815 884 895 vigilias
904 818 1032 880 crebras
1053 839 1102 900 pe

117 922 189 964 nere
211 910 240 963 et
261 919 310 963 eas
327 902 389 981 ipse
411 918 479 962 cum
499 900 602 978 legatis
621 901 786 970 circumire,
802 904 871 962 item
892 901 923 961 in
941 906 1101 980 agminein

118 989 219 1064 primis
237 985 325 1046 modo
340 985 428 1046 modo
443 985 654 1062 iupostremis,
671 1001 759 1063 saepe
774 986 807 1045 ¹in
823 983 921 1045 medio
934 985 1051 1058 adesse,
1065 1006 1101 1050 ne

118 1072 261 1150 quispiam
283 1069 385 1130 ordine
402 1068 604 1144 egrederetur,
626 1074 660 1129 ut
674 1085 743 1129 cum
760 1069 849 1146 signis
870 1067 1047 1148 trequentes
1058 1074 1118 1134 ina

91 1154 271 1222 acederent,
295 1152 379 1213 miles
401 1152 500 1213 eibum
522 1159 552 1212 et
571 1170 652 1213 arma
673 1159 814 1230 portaret.
848 1151 891 1213 lta
913 1153 1100 1232 probibendo

116 1257 131 1298 a
153 1236 265 1299 delictis
287 1238 379 1313 magis
396 1254 484 1315 quam
506 1236 681 1297 vindicando
700 1236 864 1298 exercitum
885 1234 972 1297 brevi
993 1240 1099 1300 confir·

115 1323 212 1383 mavit.

65 1415 105 1475 46
198 1406 314 1468 Interea
336 1403 485 1482 iugurtha,
504 1402 556 1465 ubi
571 1418 646 1482 quae
658 1401 791 1465 bletellus
812 1402 918 1480 agebat
932 1422 969 1464 ex
990 1408 1099 1467 nunti's

116 1492 236 1568 aceepit,
252 1488 338 1550 simul
353 1489 391 1550 de
405 1489 569 1549 innocentia
586 1488 649 1548 eius
662 1488 770 1549 certior
786 1485 879 1547 Roma
896 1486 1002 1556 iaetus,
1026 1490 1117 1551 diiii-a

116 1575 186 1636 dere
208 1575 269 1634 suis
292 1572 382 1634 rebus
404 1589 440 1632 ae
457 1579 522 1632 tum
541 1571 660 1632 demum
681 1588 781 1632 veram
804 1571 982 1633 deditionem
1003 1571 1099 1635 lacere

90 1664 240 1718 aconatus
255 1665 309 1717 est.
339 1655 431 1730 Igitur
444 1654 556 1732 legatos
571 1654 608 1715 ad
624 1654 774 1715 consulem
790 1672 858 1715 eum
872 1653 1026 1733 subplieiis
1036 1658 1098 1718 mit·

114 1743 165 1809 tit,
188 1741 238 1818 qni
259 1746 372 1799 tantum
395 1737 483 1797 modo
504 1737 560 1814 ipsi
581 1737 740 1816 liberisque
760 1739 847 1798 vitem
869 1747 1024 1816 peterent,
1047 1740 1098 1802 alia

114 1825 210 1882 omnia
233 1821 375 1883 dederent
395 1819 505 1900 populo
526 1820 668 1881 Romano.

87 1920 105 1971 3
198 1906 249 1967 Set
258 1902 374 1965 Metello
385 1905 444 1964 iam
454 1910 539 1965 antea
555 1905 761 1982 experimentis
771 1907 921 1984 cognitum
933 1915 997 1967 erat
1006 1924 1117 1985 geuusa

113 1989 305 2051 Numidarum
328 1987 466 2056 infidum,
489 1987 607 2064 ingenio
622 1987 738 2057 mobili,
761 2005 904 2050 novarum
920 2008 1024 2052 rerum
1041 1993 1096 2053 ari·

86 2074 183 2141 adram
205 2091 278 2135 esse.
294 2073 395 2151 ltaque
415 2071 527 2148 legatos
547 2070 635 2131 alium
655 2071 692 2132 ab
708 2071 765 2132 alio
781 2071 914 2134 divorsos
927 2075 1097 2151 adgreditur

113 2177 148 2219 ac
170 2157 308 2236 paulatim
327 2155 675 2235 temptando,postquam
687 2159 870 2234 opportunos
881 2154 938 2216 sibi
949 2159 1096 2236 cognorit,

5 2292 9 2299 .
112 2242 204 2303 multa
226 2241 391 2319 pollicendo
411 2241 570 2320 persuadet
589 2240 631 2300 uti
652 2239 825 2316 lugurtbam
841 2258 979 2302 maxume
992 2244 1096 2311 vivom,

112 2328 157 2386 sin
179 2325 209 2386 id
231 2343 336 2405 parum
361 2325 536 2402 procederet
549 2330 685 2384 necatum
700 2324 755 2384 sibi
772 2324 940 2386 traderent:
962 2334 1116 2388 ceteruma

86 2409 218 2491 spatam,
237 2428 311 2489 quae
325 2428 362 2470 ex
376 2408 523 2469 voluntate
534 2408 632 2468 lorent
646 2409 725 2485 regi,
740 2409 869 2470 nuntiari
881 2407 973 2469 iubet.
986 2409 1097 2472 Deinde

115 2499 178 2574 ipse
199 2496 301 2574 paucis
323 2492 426 2556 diebus
442 2495 554 2554 intento
575 2500 662 2572 atque
683 2493 788 2554 infesto
804 2493 981 2553 exercituin
995 2494 1096 2556 Numi-

113 2581 190 2640 diam
210 2579 352 2658 procedit,
372 2577 423 2639 ubi
443 2585 544 2638 contra
561 2575 631 2637 belli
646 2577 748 2638 faeiem
763 2576 880 2655 tuguria
893 2573 981 2654 plena
1002 2576 1097 2640 homi·

112 2682 198 2731 num,
219 2681 326 2740 peoora
346 2662 532 2740 cultoresque
546 2662 575 2721 in
592 2663 670 2737 agris
685 2670 783 2721 erant:
806 2679 842 2721 ex
857 2659 972 2738 oppidis
989 2669 1020 2721 et
1035 2680 1095 2723 ma·

113 2746 228 2824 palibus
244 2746 384 2824 praelecti
400 2746 479 2822 regis
492 2744 568 2805 obvii
584 2744 792 2822 procedebant,
807 2744 901 2822 parati
912 2741 1116 2809 frumentum

114 2831 193 2898 dare,
212 2839 396 2891 conmeatum
409 2835 543 2908 portare,
558 2835 708 2906 postremo
723 2828 817 2890 omnia
825 2842 899 2906 quae
909 2825 1096 2903 imperaren-

86 2921 160 2976 otur
176 2914 282 2973 lacere.
307 2915 409 2994 Neque
429 2911 562 2974 Metellus
577 2912 687 2974 idcirco
704 2912 815 2981 numus,
837 2916 882 2970 set
894 2911 1007 2988 pariter
1023 2917 1095 2975 acsi

112 2998 212 3057 hostes
224 2997 367 3066 adessent,
384 2998 496 3059 munito
508 2997 624 3072 agmine
634 2996 781 3066 incedere,
793 2994 851 3056 late
864 2993 1021 3072 explorare
1033 3016 1095 3059 om·

112 3083 169 3148 nia,
193 3079 240 3142 illa
259 3080 413 3141 deditionis
426 3082 509 3158 signa
524 3081 650 3140 ostentui
671 3079 793 3141 credere
815 3087 844 3140 et
864 3078 976 3139 insidiis
995 3078 1094 3142 locum

88 3165 258 3243 atemptari.
293 3163 394 3243 ltaque
409 3167 472 3243 ipse
493 3182 560 3225 eum
575 3163 717 3242 expeditis
735 3161 913 3231 cohortibus,
936 3163 1007 3224 item
1027 3166 1115 3226 lun-s

113 3251 240 3310 ditorum
262 3255 290 3309 et
311 3250 527 3326 sagittariorum
550 3247 662 3309 delecta
683 3264 772 3308 mauu
791 3247 869 3325 apud
887 3247 999 3326 primos
1020 3257 1090 3317 erat,

114 3337 142 3392 in
164 3341 313 3410 postremo
336 3332 370 3392 G.
393 3331 502 3392 blarius
521 3330 636 3408 legatus
657 3348 724 3392 oum
743 3329 889 3412 equitibus
911 3330 1043 3402 curabat,
1064 3333 1091 3393 in

113 3428 271 3495 utrumque
300 3416 376 3478 latus
403 3413 569 3477 auxiliarios
597 3415 709 3495 equites
735 3413 862 3476 tribunis
889 3413 1037 3492 legionum
1066 3423 1092 3475 et
