2378 3864
114 191 155 253 42
320 212 363 252 on
386 211 489 254 annno
510 208 710 252 rvevernmo
734 207 761 251 o.
782 199 823 254 10.
843 200 885 253 11.

114 359 228 438 opibus,
256 359 288 419 in
309 377 434 436 regnum
461 377 559 419 meum
589 360 702 438 accepi,
726 358 903 420 existumans
920 374 981 416 non
999 358 1093 419 minus

32 506 36 522 ἰ
113 461 161 504 me
175 443 227 504 tibi
238 439 459 525 quam[liberls]
473 442 496 502 si
511 444 685 521 genuissem,
702 442 739 503 ob
756 441 890 502 benificia
906 459 1010 502 carum
1022 441 1091 512 lore,

88 540 210 607 aneque
227 525 291 609 [ea]
314 544 362 588 ros
383 523 488 586 falsum
508 545 555 589 me
573 527 684 588 habuit.
713 527 803 596 Nam,
821 532 855 585 ut
874 525 930 586 alia
948 535 1093 602 magnaet

114 612 232 688 egregia
251 619 300 672 tua
323 613 467 680 omittam,
489 613 656 672 novissume
679 610 796 672 rediens
813 609 969 670 Numantia
990 628 1093 689 meque

114 713 296 776 regnumque
317 713 416 756 meum
438 695 529 775 gloria
552 697 731 757 honoravisti
755 701 863 773 tuaque
884 695 992 755 victute
1011 693 1110 754 nobis⁵

113 778 262 840 Romanos
280 798 315 841 ex
335 780 435 840 amicis
449 781 649 842 amicissumos
667 779 771 840 fecisti:
784 780 815 838 in
835 779 973 856 Hispania
989 796 1094 839 nomeu

115 863 240 924 familiae
254 870 426 925 renovatum
438 871 497 926 est:
514 871 681 943 postremo,
699 862 777 944 quod
793 861 1006 924 difficillumum
1022 864 1095 923 inter

87 945 244 1014 amortalis
264 955 316 1017 est,
336 948 427 1025 gloria
448 949 584 1009 iuvidiam
604 949 704 1008 vicisti.
746 947 848 1017 Nunc,
869 948 1008 1026 quoniam
1027 946 1094 1007 mibi

115 1038 220 1091 natura
235 1032 408 1092 finemvitae
419 1031 495 1101 lacit,
508 1050 562 1109 per
577 1032 653 1092 hanc
669 1033 827 1102 dexteram,
842 1048 897 1109 per
908 1032 994 1108 regni
1010 1031 1094 1109 Iidem

113 1132 220 1174 moneo
236 1114 424 1195 obtestorque
431 1123 470 1185 te,
483 1117 527 1176 uti
536 1115 590 1177 bos
601 1117 650 1196 qui
667 1116 719 1176 tibi
734 1133 843 1193 genere
857 1116 1026 1195 propinqui,
1045 1114 1093 1175 be·
1102 1131 1119 1168 1⁰

113 1198 210 1258 niflcio
232 1216 299 1259 meo
321 1198 427 1260 fratres
448 1209 530 1272 sunt,
551 1214 635 1261 caros
656 1200 779 1271 habeas,
798 1217 856 1260 neu
874 1197 958 1259 malis
986 1198 1094 1260 alienos

87 1281 275 1360 4adiungere
291 1301 378 1362 quam
393 1286 535 1361 sanguine
550 1285 721 1345 coniunctos
738 1284 874 1344 retinere.
904 1282 969 1343 Non
984 1284 1093 1344 exerci-

113 1373 162 1426 tus
176 1383 273 1444 neque
284 1367 436 1428 thensauri
448 1368 594 1446 praesidia
605 1370 688 1446 regni
705 1375 781 1437 sunt,
797 1385 900 1428 verum
911 1368 1005 1436 amici,
1024 1384 1094 1446 quos

113 1464 210 1528 neque
233 1451 322 1511 armis
344 1468 451 1528 cogere
472 1470 568 1532 neque
591 1469 664 1512 auro
687 1469 793 1531 parare
822 1468 926 1529 queas:
950 1450 1046 1511 officio
1069 1460 1095 1510 et

87 1533 171 1601 sfldc
189 1535 352 1612 parIuntur.
384 1533 454 1604 Quis
470 1543 567 1596 autem
582 1535 711 1605 amicior,
728 1552 816 1614 quam
832 1533 923 1594 frater
935 1535 1037 1595 fratrii
1048 1541 1096 1595 aut
1103 1551 1122 1591 a

87 1632 204 1696 bquem
226 1618 353 1680 ebenum
370 1618 461 1678 fidum
476 1620 619 1688 invenies,
643 1620 668 1678 si
689 1620 746 1678 tuis
761 1618 852 1678 hostis
866 1618 977 1678 luerisi
1009 1618 1095 1697 Equi·

115 1701 182 1761 dem
205 1717 260 1776 ego
280 1701 362 1760 vobis
382 1718 508 1778 regnum
529 1701 630 1771 trado,
652 1702 771 1762 firmum
792 1701 817 1760 si
838 1700 909 1761 boni
930 1701 1028 1772 eritis,
1053 1702 1094 1761 sin

113 1782 183 1844 mali
199 1782 376 1844 inbecillum.
408 1784 482 1845 Nam
499 1785 656 1846 concordia
674 1804 781 1869 parvae
802 1803 851 1847 res
867 1792 1020 1855 crescunt,
1041 1785 1095 1845 dis·

89 1867 215 1932 acordia
235 1885 389 1929 maxumae
411 1868 587 1930 dilabuntur.
622 1869 757 1930 Ceterum
771 1875 838 1930 ante
852 1869 907 1930 hos
927 1875 971 1937 te,
992 1867 1095 1946 Iugur·

115 1949 174 2021 tha,
192 1952 257 2028 quia
273 1957 367 2012 aetate
385 1959 414 2012 et
427 1953 567 2030 sapientia
580 1955 663 2031 prior
677 1971 723 2021 es,
744 1971 782 2013 ne
799 1952 883 2013 aliter
899 1952 969 2030 quid
984 1953 1096 2013 eveniat
1103 1969 1123 2008 o

114 2034 270 2112 providere
293 2034 384 2097 decet.
428 2035 502 2096 Nam
524 2037 554 2096 in
577 2038 656 2096 omni
678 2037 836 2098 certamine
860 2036 909 2115 qui
931 2035 1096 2114 opulentior

118 2126 169 2187 est,
188 2119 299 2179 etiamsi
318 2121 423 2198 accipit
436 2120 587 2189 inluriam,
603 2127 701 2184 tamen
719 2120 786 2196 quia
800 2118 867 2198 plus
883 2126 980 2197 potest
1000 2120 1097 2180 facere

90 2201 240 2267 evidetur.
275 2203 460 2272 vosautem,
482 2202 631 2263 Adherbal
651 2210 680 2264 et
701 2201 864 2281 Hiempsal,
889 2201 973 2263 colite
996 2202 1096 2263 obser·

116 2291 181 2344 rate
195 2284 284 2344 talem
301 2285 381 2346 hunc
398 2287 507 2354 virum,
523 2287 674 2348 imitamini
687 2286 823 2347 virtutem
839 2291 868 2348 et
883 2286 1038 2353 enitimini,
1061 2304 1097 2346 ne

116 2383 171 2444 ego
192 2367 328 2429 meliores
348 2367 457 2428 liberos
477 2371 634 2447 sumpsisse
655 2370 754 2430 videar
769 2388 856 2448 quam
877 2368 1034 2445 genuisse?
1106 2391 1126 2430 aa

68 2461 100 2519 11
200 2451 244 2512 nd
264 2470 298 2513 ea
319 2451 474 2529 Iugurtha,
491 2455 610 2516 tametsi
631 2469 732 2530 regem
753 2454 820 2512 licta
838 2450 968 2511 locutum
985 2451 1098 2514 botelle-

115 2535 203 2613 gebat
224 2543 252 2595 et
268 2537 330 2614 ipse
350 2535 438 2612 longe
457 2535 540 2597 aliter
561 2536 657 2596 animo
679 2533 817 2609 agitabat,
840 2539 939 2593 tamen
953 2550 1009 2611 pro
1025 2545 1098 2597 tem-

89 2630 189 2697 epore
204 2617 331 2695 benigne
348 2619 507 2696 respondit.
532 2619 650 2695 Micipsa
661 2618 761 2696 paucis
772 2622 839 2694 post
849 2615 1099 2681 diebusmoritur.

200 2701 359 2781 Postquam
380 2701 421 2762 illi
439 2719 524 2762 more
537 2703 619 2777 regIo
634 2702 708 2760 iusta
724 2699 878 2777 magnifice
893 2700 1034 2770 fecerant,
1050 2722 1099 2764 re·

118 2783 180 2860 guli
199 2785 229 2843 in
245 2802 337 2845 unum
356 2791 569 2854 convenerunt,
590 2791 624 2845 ut
645 2784 721 2844 inter
735 2802 767 2845 se
789 2785 825 2845 de
841 2785 952 2845 cunctis
973 2788 1129 2860 negotiisu

90 2866 321 2944 adisceptarent.
340 2869 390 2930 Set
399 2869 555 2947 Hiempsal,
572 2869 622 2948 qui
631 2867 779 2929 minumus
791 2888 827 2930 ex
842 2867 980 2937 illiserat,
993 2876 1101 2930 natura

118 2950 202 3011 ieron
225 2956 253 3010 et
271 2952 329 3011 iam
351 2960 435 3014 antea
452 2952 661 3030 ignobilitatem
680 2952 853 3030 Iugurthae,
876 2953 943 3031 quia
965 2958 1099 3013 materno

118 3051 227 3112 genere
241 3035 326 3114 inpar
337 3045 408 3107 erat,
421 3037 592 3116 despiciens,
606 3037 707 3097 dextra
718 3035 914 3098 Adherbalem
925 3035 1045 3106 adsedit,
1060 3055 1100 3098 ne

91 3118 231 3179 tmcdius
247 3120 406 3189 extribus,
426 3122 505 3200 quod
526 3122 604 3200 apud
617 3121 757 3182 Numidas
771 3120 877 3181 honori
897 3119 1027 3188 ducitur,
1051 3120 1099 3181 Iu-

119 3202 225 3281 gurtha
247 3203 331 3267 foret.
355 3203 429 3264 DeIn
447 3213 560 3276 tamen,
581 3212 614 3266 ut
631 3205 717 3266 aetati
738 3204 913 3264 concederet
930 3202 1065 3280 fatigatus
1082 3223 1119 3267 aa

92 3290 108 3339 5
120 3285 225 3356 fratre,
241 3287 288 3347 vin
304 3289 334 3348 In
345 3296 459 3368 partem
470 3288 591 3349 alteram
606 3288 792 3349 transductus
807 3294 859 3348 est.
870 3286 914 3348 Ibi
928 3305 996 3348 cum
1007 3288 1099 3348 multa

120 3370 156 3430 de
178 3370 406 3433 administrando
423 3373 549 3452 imperio
560 3372 750 3441 dissererent,
773 3370 914 3448 Iugurtha
935 3373 1012 3432 inter
1029 3370 1099 3432 alias

119 3470 168 3514 res
179 3455 247 3515 iacit
262 3463 400 3534 oportere
415 3457 594 3537 quinquenni
608 3455 740 3518 consrdta
760 3462 789 3516 et
803 3455 921 3517 decreta
939 3456 1037 3516 omnia
1051 3473 1098 3516 re·
