2384 3864
144 165 185 231 98
281 246 282 249 ¹
356 186 400 227 cc
417 185 521 228 sunno
543 184 742 228 merermso
766 184 795 227 c.
815 177 858 233 97.
880 178 923 233 98.

144 337 259 415 ipsique
277 333 380 394 Mauro
399 331 554 412 pollicetur
576 333 729 395 Numidiae
749 342 863 412 partem
879 336 1010 406 tertiam,
1033 337 1061 396 si
1081 343 1134 398 aut

144 419 268 481 Romani
283 417 381 478 Africo
398 416 523 495 expulsi,
541 423 590 478 aut
604 419 725 494 integris
740 419 800 480 sais
813 418 919 479 finibus
933 417 1045 481 bellum
1061 437 1132 481 oon·

145 504 273 583 positum
295 501 380 562 foret.
421 501 464 561 lfo
484 503 614 580 praemio
637 501 762 564 infectus
776 501 911 565 Bocchus
935 521 1003 565 oum
1023 505 1132 581 mapsa

144 587 329 649 multitudine
349 583 521 661 Iugurtham
541 584 665 647 &cedit

118 679 135 730 s
229 671 272 733 lsa
292 668 448 731 amborum
470 671 600 730 euercbu
622 672 778 731 coniuncto
791 667 930 741 Marium,
953 673 1012 731 iam
1034 673 1066 733 in
1086 670 1152 732 bi·s

147 757 239 819 berna
259 754 509 834 proficiscentem,
529 755 576 814 vir
598 753 722 814 decuma
741 760 826 833 parte
848 755 894 816 die
914 755 1029 821 relicua
1049 756 1130 817 iura·

146 844 232 911 dunt,
253 839 309 900 mti
323 844 441 898 noctem
455 855 529 916 quac
543 839 601 898 iam
617 836 718 898 aderat
734 845 762 899 ct
777 838 858 899 victis
873 837 928 898 sibi
946 839 1130 903 munimento

145 927 208 986 fore
224 931 253 987 et
269 924 293 984 si
311 922 448 983 vicissent
461 919 542 981 nullo
557 921 770 999 inpedimento,
794 923 862 1001 quia
876 921 1011 985 locorum
1032 923 1130 983 scien-

144 1017 189 1070 tes
216 1013 315 1076 eraut,
344 1011 446 1066 contre
466 1004 608 1066 Romanis
626 1012 785 1086 utrumque
813 1023 914 1069 cesum
940 1008 970 1067 in
997 1005 1130 1069 tenebris
1189 1002 1192 1058 f

118 1091 337 1154 sdifbcdiorem
352 1087 427 1151 fors
455 1088 550 1165 Igitur
563 1088 650 1151 simul
667 1089 769 1152 consul
784 1107 820 1153 ex
833 1089 932 1152 multis
947 1090 984 1152 de
998 1089 1158 1155 homone
1187 1066 1192 1128 ¹

145 1176 271 1237 adventu
286 1174 421 1252 cognorit
436 1180 465 1234 et
477 1173 532 1252 ipsi
544 1172 643 1234 hostes
658 1173 789 1244 aderant,
801 1182 830 1236 et
843 1176 928 1254 prius
940 1192 1031 1255 quam
1046 1193 1129 1237 exer·
1185 1201 1186 1214 ¹

146 1262 219 1322 citus
235 1265 285 1320 aut
300 1259 405 1319 inserui
424 1263 476 1319 sut
492 1257 622 1319 sarcinas
638 1256 793 1335 madigere,
813 1258 939 1338 denique
956 1265 1025 1321 autc
1041 1276 1128 1338 quam
1182 1284 1185 1302 1

144 1347 260 1423 signum
269 1350 321 1404 sut
336 1343 494 1420 bnperium
508 1339 601 1402 udum
622 1343 757 1419 accipere
778 1344 883 1423 quivit,
903 1344 1017 1422 equites
1036 1343 1128 1405 bdauri
1180 1368 1192 1398 r

145 1434 232 1508 atque
251 1424 379 1493 Gaetubf,
402 1442 463 1487 non
478 1426 541 1486 scie
554 1424 726 1504 nequeulfo
738 1444 822 1488 more
835 1426 944 1506 proeli,
967 1433 1013 1489 set
1035 1433 1127 1489 cater-
1180 1398 1192 1480 i

145 1513 242 1582 ratim,
263 1512 307 1573 uti
329 1525 462 1589 quosque
483 1508 545 1568 foas
568 1508 806 1586 conglobaverat,
834 1512 864 1571 in
886 1519 1004 1572 nostros
1029 1512 1154 1573 incur-¹⁶
1179 1483 1192 1564 5

119 1602 229 1658 bremt:
254 1596 304 1675 qui
325 1610 430 1656 omnes
448 1592 555 1671 trepidi
574 1594 722 1671 inproviso
742 1602 824 1657 metu
843 1613 878 1656 ac
896 1602 993 1658 tamen
1013 1595 1127 1657 virtutis
1179 1607 1192 1648 t

144 1692 291 1742 memores
305 1684 356 1738 aut
370 1694 452 1738 arma
470 1675 624 1756 capiebant
634 1684 684 1739 aut
699 1678 838 1756 capientis
854 1677 926 1741 alius
940 1679 977 1741 ab
993 1677 1127 1741 hostibus
1178 1652 1192 1796 ξ

145 1761 348 1825 defensabant:
374 1778 444 1838 pars
466 1777 556 1840 equos
579 1762 753 1830 escendere,
775 1762 954 1824 ebriamine
977 1761 1126 1824 hostibus:
1179 1802 1180 1812 a

144 1863 241 1926 pugne
252 1845 405 1906 latrocinio
415 1845 507 1922 magis
521 1862 609 1924 quam
622 1845 734 1924 proelio
750 1845 850 1908 similis
864 1847 944 1908 fieri:
960 1847 1026 1909 sine
1038 1847 1126 1924 signis
1177 1815 1192 1950 Ξ

142 1935 207 1996 sine
218 1933 371 1996 ordinibus
388 1935 501 2012 equites
520 1933 692 2014 peditesque
707 1932 845 2011 permixti
862 1930 989 1992 caedere
1006 1929 1071 2000 alii,
1082 1927 1156 1991 aliis
1188 1963 1190 1979 ‹

143 2018 329 2089 obtruncari,
353 2017 439 2080 multi
459 2025 563 2079 conus
578 2016 718 2079 advorsos
739 2033 894 2078 acerrume
910 2023 1082 2095 pugnantes
1090 2011 1126 2075 ab
1177 1986 1192 2117 =

144 2110 229 2181 tergo
250 2100 470 2163 circumveniri:
492 2116 589 2180 neque
606 2102 697 2162 virtus
716 2119 813 2180 neque
826 2117 908 2162 mma
929 2101 1001 2163 satis
1015 2107 1125 2178 tepere,
1177 2125 1192 2189 p

145 2188 212 2266 quia
239 2186 338 2246 hostes
358 2198 484 2246 numero
503 2182 603 2262 plmes
629 2192 659 2246 et
684 2184 814 2264 undique
836 2185 1007 2247 circumfusi
1029 2189 1125 2247 erant:
1177 2191 1188 2233 d

145 2271 271 2349 denique
292 2269 416 2330 Romani
436 2274 551 2329 rueres
569 2271 695 2348 novique
717 2267 761 2351 [et
782 2268 820 2330 ob
840 2286 875 2330 ea
889 2271 1019 2331 scientes
1032 2265 1125 2347 belli}
1176 2234 1192 2380 ξ

144 2355 168 2414 si
190 2370 263 2432 quos
278 2351 360 2413 focus
377 2358 428 2413 eut
447 2368 531 2413 casus
546 2354 752 2422 coniunxerat,
773 2351 852 2413 orbis
869 2351 969 2415 fecere
983 2359 1074 2432 atque
1089 2352 1153 2413 ius
1184 2397 1186 2402 .

145 2436 180 2498 ab
204 2435 340 2498 omnibus
366 2433 499 2514 partibus
520 2435 606 2497 simul
627 2437 746 2527 tectiet
765 2437 899 2498 instructi
919 2436 1052 2498 bostium
1071 2437 1127 2497 rim
1175 2405 1192 2484 d

94 2518 133 2583 98
145 2519 354 2582 sustentabant.
388 2518 489 2599 Neque
504 2521 535 2580 iu
556 2538 592 2581 eo
606 2526 666 2583 tam
683 2536 787 2598 aspero
805 2522 922 2598 negotio
941 2519 1054 2583 Marius
1069 2526 1127 2583 ter·

145 2607 218 2666 ritus
240 2611 290 2666 aut
311 2605 404 2682 magis
426 2622 513 2682 quam
534 2611 621 2665 antea
634 2604 760 2665 demisso
781 2605 877 2665 enimc
899 2605 969 2675 fuit,
992 2611 1041 2667 set
1062 2619 1127 2667 cum
1184 2642 1192 2652 -

144 2695 241 2749 turma
258 2704 320 2758 sua,
340 2704 428 2766 quam
443 2706 479 2748 ex
489 2688 664 2749 fortissumis
676 2688 769 2764 magis
781 2705 869 2767 quam
885 2686 1127 2751 familiarissumis

145 2779 312 2849 paraverat,
330 2772 428 2848 vagari
443 2772 550 2849 passim
565 2790 600 2832 ac
616 2771 703 2832 modo
714 2769 917 2833 laborantibus
929 2773 991 2835 suis
1005 2781 1153 2835 succus-⁸·
1175 2800 1177 2803 ·

144 2873 227 2925 rere,
245 2855 333 2916 modo
347 2854 452 2924 hostis,
472 2855 523 2915 ubi
538 2855 752 2916 confertissumi
767 2852 958 2928 obstiterant,
973 2856 1125 2919 invadere:

145 2955 234 3000 manu
256 2936 408 2999 consulere
433 2937 587 3008 militibus,
614 2941 750 3018 quoniam
767 2940 916 3017 imperare
943 2939 1127 3003 conturbetis
1177 2970 1187 2984 ·

119 3021 282 3084 romnmus
296 3038 355 3081 non
370 3028 494 3099 poterat.
529 3021 647 3101 lamque
671 3022 732 3083 dies
749 3030 939 3101 consumptus
954 3031 1037 3095 erat,
1062 3039 1126 3086 cum

144 3115 241 3168 tamen
255 3104 374 3167 barbari
385 3106 455 3166 nihil
467 3107 615 3169 remittere
632 3113 735 3185 atque,
746 3108 789 3167 uti
800 3123 887 3184 reges
900 3112 1125 3187 praeceperant.
1183 3137 1184 3144 ¹

118 3197 261 3252 snoctem
279 3207 333 3269 pro
355 3191 459 3251 serati
480 3191 577 3252 aerim
594 3192 712 3253 instare.
756 3190 832 3252 Tum
852 3190 963 3255 Marius
982 3210 1022 3255 ex
1043 3193 1151 3272 scptu·
1173 3211 1186 3232 ‘¹

143 3291 244 3335 rerum
267 3272 417 3335 consilium
434 3274 634 3354 trabitatque,
652 3275 695 3336 uti
715 3275 775 3335 suis
788 3277 921 3354 receptui
938 3274 1026 3338 locus
1040 3281 1125 3346 esset,
1183 3302 1186 3316 ·

144 3356 225 3416 collis
247 3358 320 3418 duos
341 3360 522 3438 propinquos
542 3360 671 3421 intense
689 3365 829 3437 occupat,
852 3377 982 3438 quorum
1004 3361 1036 3422 iu
1055 3375 1124 3429 uuo,
1175 3356 1192 3404 'u

143 3442 246 3501 castris
265 3458 370 3520 perum
392 3442 504 3522 amplo,
527 3444 592 3505 fons
610 3459 702 3521 aquae
723 3460 847 3522 magnus
869 3450 934 3505 erat
968 3441 1046 3507 atter
1060 3440 1124 3507 usti
