2378 3864
211 179 254 220 nr
278 177 449 222 curramus
474 178 715 225 courvuarrorm
736 179 763 221 c.
786 170 828 226 46.
849 171 891 226 47.
914 173 956 227 48.
1031 163 1071 225 23

93 329 193 390 Ceteri
203 329 265 390 sine
276 345 358 388 mora
368 328 496 396 veniunt,
512 326 677 405 Caeparius,
692 326 779 404 paulo
795 329 959 390 aute‘domo
974 342 1096 406 egres-4

93 429 160 481 sus,
179 412 295 488 cognito
312 411 417 472 indicio
435 429 469 471 ex
491 410 566 471 urbe
579 409 759 488 profugerat.
797 410 903 472 Consul
917 412 1072 474 Lentulum

93 495 174 575 quod
190 501 309 573 praetor
325 501 387 554 erat
400 496 462 571 ipse
478 512 566 555 manu
581 500 684 554 tenens
699 494 847 571 perducit,
864 495 989 557 relicuos
1005 515 1072 557 cum

94 577 267 640 custodibus
287 579 316 637 in
338 578 439 638 aedem
455 577 634 640 Concordiae
648 579 748 638 venire
762 577 852 639 iubet.
883 578 925 639 Eo
940 586 1098 640 senatuma

68 680 84 720 a
98 660 229 730 advocat,
244 677 409 740 magnaque
423 660 587 739 frequentia
602 661 664 721 eius
680 661 790 720 ordinis
805 660 988 724 Volturcium
1004 681 1071 723 cunr

93 744 198 821 legatis
212 745 378 814 introducit,
391 744 528 806 Flaccum
542 750 709 822 praetorem
723 746 865 806 scrinium
877 764 944 806 cum
958 745 1070 816 litteris,

94 845 168 906 quas
185 826 318 904 alegatis
336 835 504 906 acceperat,
527 829 631 889 eodem
644 827 761 888 adferre
780 827 869 888 iubet.
908 828 1071 890 Volturcius
1082 825 1119 886 47

92 912 292 988 interrogatus
306 911 343 972 de
359 912 476 981 itinere,
499 911 536 973 da
554 910 671 980 litteris,
694 912 928 992 postremoquid
943 919 993 974 aut
1015 931 1071 992 qua

93 994 131 1054 de
155 1011 246 1056 causa
271 994 372 1055 consili
385 994 543 1064 habuisset,
567 997 662 1073 primo
678 995 790 1072 lingere
809 995 872 1064 alia,
890 995 1071 1057 dissimulare

57 1077 131 1139 ade
154 1078 369 1138 coniuratione:
397 1085 464 1156 post
487 1078 538 1140 ubi
565 1079 622 1139 fide
643 1077 758 1155 publica
782 1079 879 1140 dicere
900 1081 996 1141 iussus
1018 1087 1070 1149 est,

85 1162 191 1222 omnia
206 1162 248 1222 uti
264 1168 345 1237 gesta
360 1169 443 1222 erant
457 1163 558 1240 aperit,
571 1163 714 1239 docetque
727 1179 758 1221 se
772 1164 872 1240 paucis
887 1170 953 1224 ante
968 1162 1072 1223 diebus

93 1262 110 1304 a
133 1243 258 1306 Gabinio
277 1252 307 1306 et
328 1243 466 1324 Caepario
482 1247 593 1306 socium
609 1245 750 1305 adscitum
766 1245 836 1306 nihil
853 1246 976 1324 amplius
995 1248 1069 1306 seire

92 1345 182 1406 quam
196 1327 322 1404 legatos:
343 1334 454 1389 tantum
474 1329 561 1388 modo
586 1329 687 1388 audire
708 1327 824 1388 solitum
847 1347 881 1388 ex
898 1329 1020 1389 Gabinio
1036 1330 1069 1390 P.

85 1411 268 1472 Autronium
294 1411 427 1472 Servium
444 1412 553 1472 Sullam
581 1410 612 1471 L.
629 1411 848 1488 Vargunteium,
863 1411 969 1472 multos
984 1429 1071 1491 prae·

55 1500 174 1555 nterea
201 1496 232 1554 in
258 1512 292 1556 ea
321 1496 520 1556 coniuratione
542 1512 615 1556 esse.
660 1494 769 1554 Eadem
792 1493 865 1555 Galli
886 1495 1013 1556 latentur
1035 1505 1096 1556 aer

81 1577 247 1640 Lentulum
270 1578 497 1640 dissimulantem
512 1584 675 1656 coarguunt
697 1583 812 1655 praeter
826 1577 936 1639 litteras
958 1597 1069 1640 sermo-

91 1659 195 1730 nibus,
226 1679 299 1740 quos
320 1662 368 1723 ille
388 1663 498 1724 habere
525 1661 626 1723 solitus
654 1668 730 1723 erat:
757 1679 793 1722 cx
820 1660 903 1722 libris
926 1661 1071 1740 Sibyllinis

91 1760 216 1820 regnum
227 1743 337 1806 Romae
351 1745 445 1807 tribus
455 1745 594 1807 Corneliis
605 1744 756 1823 portendi:
772 1744 892 1806 Cinnam
906 1752 993 1824 atque
1004 1745 1067 1807 Sul·

90 1826 149 1888 lam
160 1834 254 1898 antea,
267 1846 299 1890 sa
309 1831 428 1890 tertium
440 1847 513 1898 esse,
527 1831 575 1890 cui
589 1830 678 1890 latum
691 1829 767 1888 foret
776 1828 858 1889 urbis
870 1831 972 1907 potiri:
984 1847 1070 1908 prae·

53 1917 174 1972 soterea
196 1910 233 1971 ab
256 1913 376 1974 incenso
399 1912 537 1992 Capitolio
560 1910 641 1972 illum
662 1929 726 1972 esse
746 1913 927 1989 vigesumum
950 1930 1068 1982 annum,

92 2011 181 2072 quem
195 2011 283 2074 saepe
299 2015 335 2058 ex
350 1997 490 2076 prodigiis
505 1996 654 2074 aruspices
667 1996 886 2072 respondissent
902 1995 980 2057 bello
995 1996 1068 2057 civili

91 2084 247 2140 cruentum
265 2079 340 2141 fore.
377 2080 468 2158 Igitur
485 2080 622 2158 perlectis
639 2077 756 2147 litteris,
778 2096 845 2140 cum
863 2081 945 2158 prius
968 2087 1096 2140 omnestl

91 2161 174 2238 signa
189 2178 242 2223 sua
258 2165 469 2240 cognovissent,
492 2169 610 2224 senatus
631 2163 776 2230 decernit,
799 2162 841 2223 uti
857 2161 990 2223 abdicato
1008 2181 1070 2224 ma·

92 2245 214 2320 gistratu
230 2246 370 2308 Lentulus
384 2250 511 2325 itemque
527 2247 617 2306 ceteri
632 2248 660 2306 in
674 2244 773 2305 liberis
788 2246 925 2306 custodiis
940 2245 1069 2320 babean-

56 2332 149 2387 utur.
181 2328 282 2407 ltaque
299 2329 440 2391 Lentulus
454 2330 487 2391 P.
502 2328 625 2390 Lentulo
644 2328 801 2408 Spintheri,
821 2329 947 2405 quitum
969 2330 1096 2391 aedilis4

92 2417 164 2480 crat,
185 2410 329 2489 Cethegus
343 2413 378 2485 Q.
400 2412 563 2481 Cornificio,
578 2409 704 2472 Statilius
727 2412 760 2473 G.
779 2410 908 2481 Caesari,
931 2412 1070 2474 Gabinius

91 2492 129 2554 ll.
143 2493 255 2565 Crasso,
272 2495 429 2574 Caeparius
443 2529 478 2542 —
492 2512 559 2555 nam
576 2496 600 2555 is
615 2493 701 2573 paulo
718 2499 784 2554 ante
796 2510 830 2552 ex
842 2493 910 2571 fuga
925 2501 1070 2556 retractus

92 2584 155 2638 erat
174 2612 208 2622 -
225 2579 280 2640 Gn.
293 2578 437 2640 ,Terentio
452 2580 579 2641 senatori
595 2577 761 2640 traduntur.

175 2661 290 2723 Interea
312 2662 413 2740 plebes
427 2663 626 2724 coniuratione
640 2659 796 2738 patefacta,
818 2677 892 2737 quae
907 2660 1003 2738 primo
1016 2679 1068 2723 cu·
1079 2663 1120 2726 48

56 2744 158 2823 opida
169 2762 271 2806 rerum
286 2764 428 2807 neruum
443 2747 528 2807 nimis
541 2743 618 2807 bello
633 2744 756 2812 larebat,
779 2748 888 2804 mutata
903 2751 1001 2807 mente
1017 2744 1070 2806 Ca·

91 2827 189 2888 tilinae
207 2827 325 2890 consilia
343 2831 489 2899 execrari,
509 2829 679 2891 Ciceronem
693 2827 729 2888 ad
750 2825 863 2887 caelum
876 2825 995 2889 tollere:
1010 2829 1069 2889 rel·

90 2912 135 2972 uti
160 2929 196 2972 cx
223 2913 361 2974 servitute
383 2920 482 2992 erepta
503 2913 641 2991 gaudium
664 2917 750 2989 atque
770 2909 907 2971 laetitiam
927 2910 1068 2988 agitabat:

91 3010 218 3072 namque
239 2993 294 3057 alia
308 2994 377 3057 bebi
398 2997 527 3058 facinora
541 2996 668 3074 praedae
682 2995 774 3071 magis
788 3011 875 3071 quam
895 2994 1097 3058 detriment02

92 3076 167 3147 lora,
185 3079 352 3140 incendium
367 3098 437 3140 vero
453 3078 572 3142 crudele
587 3077 801 3140 inmoderatum
815 3094 850 3138 ac
865 3076 920 3137 sibi
934 3095 1069 3139 maxume

54 3185 83 3226 aa
94 3159 293 3224 calamitosum
309 3162 437 3240 putabat,
455 3165 562 3243 quippe
577 3164 625 3225 eui
645 3178 746 3223 omnes
761 3163 862 3240 copiae
879 3161 909 3219 in
925 3177 981 3220 usu
997 3162 1069 3221 coti·

92 3244 180 3305 diano
198 3250 228 3306 et
249 3245 329 3307 cultu
351 3248 483 3324 corporis
506 3251 598 3308 erant.

177 3328 246 3389 Post
267 3347 334 3391 eum
349 3329 426 3390 diem
442 3329 559 3408 quidam
574 3328 606 3388 L.
622 3328 797 3407 Tarquinius
814 3327 851 3388 ad
866 3331 999 3388 senatum
1017 3326 1096 3393 ada

91 3411 197 3473 ductus
217 3420 294 3483 erat,
316 3430 403 3494 quem
426 3413 462 3473 ad
478 3411 627 3474 Catilinam
647 3412 883 3491 proticiscentem
908 3428 942 3471 ex
965 3411 1069 3471 itinere
