2378 3864
456 183 643 227 Paconium.
1011 187 1044 228 xi

57 299 162 351 Llalter.
192 325 224 336 -
246 300 327 359 10,1.
349 299 519 359 memorabile,
541 300 564 349 si
581 313 633 349 non
650 299 783 365 archetypi
799 301 966 366 scripturam,
987 299 1045 351 Scl-

60 368 140 419 iustio
157 365 300 431 digniorem
318 379 388 427 esse,
412 380 489 429 qnam
505 367 619 418 mirabile
640 367 704 416 mihi
721 382 872 431 persuasum
890 378 940 430 est,
962 382 1045 431 nequa

60 436 147 486 obstat
168 434 237 495 qnod
259 433 374 497 sequitur
395 449 542 485 memorare.
586 447 632 485 666
653 447 807 497 quamquam
830 448 936 499 prorsus
962 436 1046 486 delere

58 517 112 553 non
134 515 214 551 ansus
237 515 308 561 sum,
335 511 419 550 tamen
442 500 531 550 melina
554 499 699 551 abluturum
721 515 779 550 cum
797 499 881 551 Cottio
903 502 995 554 iudico.
1013 530 1046 542 -

57 572 103 634 80,
116 569 141 620 8.
159 565 274 634 Boccho]
296 567 393 619 Bocchi
403 569 423 620 l.
452 567 509 618 Nisi
525 567 575 616 alia
592 583 672 630 eaque
684 567 811 618 luculenta
822 569 973 619 documenta
985 584 1046 635 pro·
1143 603 1150 615 .

59 634 110 687 lata
128 635 231 695 luerint,
249 635 343 698 quibus
361 646 445 685 utrum
462 635 585 700 iugurtha
602 634 705 694 Bocchi,
730 648 764 685 66
780 634 822 684 hic
838 635 906 686 illius
924 635 1003 686 illlam
1019 638 1047 687 in

60 704 252 754 matrimonium
269 702 380 759 duxerit,
397 701 573 767 placamine,
592 701 697 754 Boccho
714 703 746 752 66
764 701 835 752 libris
853 703 1113 766 antiquissumis·

60 770 266 821 commendatum
287 769 448 820 retinendum
469 778 544 834 putc;
575 783 656 831 ecqua
677 770 761 835 magis
784 769 853 832 quod
870 769 998 820 Bocchum
1020 772 1047 820 in

60 839 191 888 Romanos
209 851 368 916 propensum
385 850 444 886 cum
455 837 578 901 Iugurtha
593 834 1047 902 66061666616636666616166661-

60 919 109 955 nus
128 905 181 954 veri
199 903 282 954 simile
298 903 405 965 videtur,
424 917 501 967 quam
517 903 584 955 hunc
603 919 653 966 quc
671 902 739 954 illins
757 905 870 954 animum
887 919 933 970 per
949 920 1045 971 proxu-

59 986 118 1022 mos
136 971 274 1036 inpelleret,
293 981 320 1020 ut
337 970 391 1021 iilia
407 972 472 1020 inter
483 970 551 1020 iliius
563 985 657 1021 uxores
670 979 747 1031 esset,
764 973 902 1023 curavisse.
914 998 947 1009 -
964 973 1006 1034 81,
1021 976 1047 1024 2.

58 1041 143 1105 ibique
155 1035 225 1071 ****
237 1035 368 1103 Metellus]
390 1038 426 1089 tic·
443 1037 604 1100 orneacus
620 1039 639 1092 1.
671 1037 822 1088 Rationibns
840 1053 887 1104 pro
911 1049 937 1089 et
959 1049 1047 1090 contra

59 1121 150 1156 rursus
174 1107 295 1170 expensis
316 1107 365 1156 sub
391 1105 473 1156 iudice
494 1106 563 1155 litem
584 1104 726 1167 relinquere
747 1105 875 1157 66616.-
897 1107 939 1167 86,
952 1110 976 1159 3.
994 1123 1048 1158 cum

59 1189 175 1224 6666666
196 1173 310 1236 benificio
332 1179 419 1224 ootlro
441 1189 463 1224 c.
480 1170 512 1238 1.]
539 1188 592 1222 crem
618 1187 732 1223 mommio
759 1179 846 1224 vostro
867 1173 990 1236 benificia.
1014 1200 1048 1211 —

59 1242 102 1300 86,
118 1242 157 1290 10.
175 1237 280 1305 malari]
298 1241 426 1291 6666661.
448 1239 486 1290 0b
503 1239 584 1290 mults
600 1239 717 1304 exempla
729 1254 744 1292 e
755 1242 802 1290 eti
818 1239 984 1290 confusorum
995 1255 1046 1292 non

60 1317 157 1358 tantum
175 1307 259 1357 tribuo
277 1307 358 1357 codici
369 1308 398 1368 P,
417 1317 445 1357 nt
462 1307 532 1370 quod
549 1321 627 1356 unam
645 1307 767 1357 orationis
785 1307 886 1356 flumini
903 1309 1047 1369 conveniat,

58 1375 128 1424 illins
146 1372 198 1424 fide
214 1382 317 1428 mntem.
336 1400 369 1409 -
386 1375 429 1435 86,
443 1375 483 1426 11.
498 1389 544 1425 coc
559 1376 687 1438 imperare
704 1389 727 1422 c.
739 1369 773 1440 L]
799 1390 843 1426 coe
858 1376 1044 1439 imperatorem.

59 1442 220 1503 Quamquam
245 1450 327 1491 autem
349 1441 399 1492 eibi
425 1443 457 1492 66
483 1441 600 1491 codicum
626 1441 803 1490 auctoritatem
830 1442 932 1491 exulare
957 1443 1048 1492 debore

60 1521 184 1574 agnosco,
201 1516 285 1557 tamen
303 1510 364 1571 quia
381 1509 572 1573 ambiguitatem
595 1522 702 1573 prorsus
724 1517 845 1569 removet,
868 1508 931 1558 mihi
948 1507 1048 1574 placare

60 1590 112 1625 666
131 1573 226 1625 infitias
248 1575 445 1627 16666166.-
466 1576 562 1636 86,14.
580 1575 741 1627 oblectantur
756 1590 778 1627 c.
790 1577 810 1626 l.
848 1575 998 1628 obiciantur.
1016 1601 1048 1614 -

60 1642 157 1703 8616.
172 1638 265 1707 possit]
282 1648 371 1706 poscet
381 1643 402 1695 1.
414 1668 448 1681 -
466 1645 508 1701 86,
523 1645 563 1694 17.
577 1639 687 1708 faciant]
701 1643 800 1706 faciunt
823 1668 872 1693 .-
890 1645 932 1703 86,
945 1645 988 1698 22.
1004 1658 1048 1695 ree

60 1709 135 1760 habet
152 1707 217 1774 c.1.]
238 1724 282 1758 rec
298 1709 397 1760 666661.
416 1735 449 1745 -
472 1711 514 1773 86,
526 1712 568 1760 24.
589 1711 689 1761 miseco
706 1711 747 1761 rei
763 1705 838 1826 61]
856 1712 927 1762 cuiae
947 1713 997 1762 rei.
1015 1736 1047 1748 -

60 1778 102 1836 86,
116 1775 157 1826 26.
175 1782 261 1826 vostro
278 1791 393 1828 6666666
414 1775 482 1841 6.1.]
504 1793 619 1828 maxumo
640 1784 734 1829 vostro.
757 1803 791 1813 -
812 1778 821 1826 i
839 1777 874 1830 id.
897 1792 934 1829 ote
955 1793 1048 1844 corque

61 1860 83 1893 c.
96 1839 128 1909 1.]
148 1857 234 1908 meque
252 1858 355 1908 uosque.
377 1869 409 1880 ·-
431 1843 474 1903 86,
487 1845 528 1896 27.
552 1860 587 1894 66
608 1846 684 1896 animi
704 1846 753 1895 mei
771 1847 898 1895 sententio
914 1861 938 1896 c.
955 1841 988 1911 1.]
1013 1861 1049 1896 ea

60 1912 136 1962 animi
156 1913 293 1960 sententio.
315 1935 347 1948 -
369 1910 412 1972 86,
424 1912 465 1961 20.
485 1909 601 1975 pectore]
623 1926 733 1975 corpore
755 1910 774 1962 Ι.
809 1910 910 1962 Scilicet
934 1912 1047 1973 volnera,

60 1992 127 2040 qnae
149 1987 251 2042 pectore
273 1977 383 2042 adrcrsc
406 1987 526 2043 excepta,
553 1978 632 2028 multo
655 1977 822 2028 laudabiliora
849 1988 873 2029 et
895 1978 1046 2043 gloriosiora

61 2053 130 2104 sunt,
148 2059 224 2105 quam
242 2058 308 2106 quae
324 2044 435 2095 advorso
453 2059 569 2111 corpore,
587 2060 649 2110 ergo
666 2045 707 2095 vel
723 2054 810 2095 ventre
826 2045 866 2095 vel
882 2047 1002 2111 pedibus.
1014 2071 1045 2084 -·

63 2111 106 2171 86,
120 2113 161 2162 30.
179 2117 274 2176 epomel
291 2108 364 2180 meis]
384 2127 431 2178 epo
447 2113 544 2166 melc'l.
573 2111 637 2163 iilud
659 2127 812 2175 quamquem
837 2128 902 2162 unus
921 2128 953 2163 ex
968 2111 989 2164 0
1004 2128 1049 2163 ex-

65 2178 134 2227 hibet
152 2187 235 2227 tamen
254 2188 358 2245 optume
374 2179 505 2229 inventum
522 2194 588 2241 esse,
605 2194 662 2229 eam
681 2180 713 2230 cb
727 2179 842 2230 codicum
854 2181 1047 2298 discreflantias,

65 2255 118 2294 tum
138 2245 170 2293 66
188 2247 327 2296 sententiae
338 2246 488 2312 gravitatem
504 2247 643 2300 161166.-
660 2248 702 2308 86,
714 2248 757 2298 at.
773 2247 823 2297 Eis
834 2245 890 2313 epo]
908 2247 937 2298 H
970 2248 1049 2314 epol.

65 2310 113 2370 Qui
131 2310 292 2361 librariorum
309 2323 427 2363 naturam
442 2328 577 2376 moresque
589 2315 695 2375 noverit,
714 2323 798 2363 utrum
809 2315 849 2366 his
864 2315 931 2366 onis
947 2315 965 2365 i.
978 2332 1000 2368 e.
1012 2316 1049 2366 cie

62 2391 151 2427 verum
169 2377 211 2435 sit,
230 2391 282 2426 non
299 2393 334 2428 ex
350 2379 451 2428 iliorum
468 2379 519 2428 ilde
535 2379 727 2430 diiudicandum
745 2396 802 2431 esse
819 2383 891 2433 sciet.
904 2409 936 2419 -
954 2384 996 2441 86,
1006 2384 1048 2433 30.

62 2445 164 2494 incultis
180 2443 290 2494 66661666
307 2443 371 2507 c.1.]
392 2445 509 2495 incultum
530 2445 646 2497 moribus.
668 2472 704 2483 -
724 2447 767 2507 80,
778 2449 820 2498 40.
841 2451 903 2499 ciris
924 2445 1046 2514 laborem]

60 2512 172 2562 lahorem
189 2512 251 2561 ciris
268 2511 288 2559 1.
323 2509 457 2561 Chiasmns
480 2525 537 2560 cnm
560 2511 645 2562 latinis
668 2511 824 2573 oratoribus,
850 2524 904 2564 tum
928 2513 1048 2564 Sallustio

60 2580 96 2628 ita
113 2587 251 2627 consuetus
269 2587 315 2639 est,
333 2587 361 2629 ut
377 2593 418 2629 me
435 2593 486 2629 666
504 2578 608 2645 pudeat,
626 2579 696 2642 quod
708 2587 792 2628 utrum
810 2579 836 2630 h.
848 2579 865 2629 l.
877 2581 909 2630 ab
921 2595 1048 2646 grammo-

61 2645 117 2696 ticis
136 2644 223 2697 sciolis
241 2647 375 2696 restitutus
398 2661 431 2696 an
448 2647 480 2697 66
497 2646 555 2711 ipso
573 2647 698 2712 scriptore
715 2647 847 2697 institutus
864 2649 911 2708 sit,
937 2649 1048 2700 incertus

61 2713 188 2762 haeream.
205 2738 239 2748 -
256 2713 298 2774 86,
310 2715 352 2764 41.
371 2713 456 2765 Verba
472 2715 541 2781 quod
556 2715 625 2765 iuvat
641 2722 670 2764 ut
686 2714 718 2764 66
731 2715 848 2765 6661666
861 2715 992 2768 codicibus
1003 2717 1048 2767 ab·

62 2794 119 2830 esse
136 2779 263 2829 crederem
279 2789 424 2848 propterea,
442 2779 512 2844 qnod
529 2781 555 2841 in
567 2777 669 2832 lordcni
686 2781 797 2833 aditione
809 2783 905 2834 omissa
915 2793 986 2850 sunt,
1002 2784 1048 2835 ad·

61 2846 119 2896 duci
135 2861 187 2896 666
199 2848 281 2913 potui.
295 2874 326 2884 —
345 2848 407 2900 ibid.
430 2847 456 2899 t'n
473 2856 591 2901 convictio
608 2864 659 2900 666
678 2849 710 2899 66
723 2849 843 2900 librorum
855 2851 941 2915 iidem,
959 2860 999 2902 set
1016 2850 1048 2902 66

61 2915 212 2963 sententiam
230 2923 376 2980 suspectum
394 2915 490 2982 haheo,
517 2926 605 2967 cantra
626 2917 658 2967 ab
678 2917 795 2968 sudorem
818 2918 941 2970 vocabulo
966 2933 1045 2969 uncos

61 2983 165 3031 removi.
177 3006 210 3016 -—
228 2982 270 3042 86,
282 2984 325 3034 42.
345 2979 498 3051 [66661666]]
518 2984 568 3035 dcl.
580 2984 599 3034 1.
627 2981 665 3036 06
676 2982 799 3034 librorum
811 2984 887 3036 fldem
900 2996 1047 3051 suspectum

62 3063 119 3097 essa
136 3047 225 3108 iateor,
245 3050 277 3098 ad
295 3051 445 3100 sententiam
462 3061 529 3101 certa
546 3051 608 3102 haut
624 3052 823 3107 incommodum.
841 3079 875 3090 -
891 3054 932 3113 86,
942 3054 984 3104 46.
1004 3052 1047 3102 66-

61 3112 118 3164 bete
135 3111 202 3180 6.1.]
219 3116 343 3168 habetote.
377 3117 415 3168 Da
431 3126 508 3184 alque
530 3119 701 3183 suspiciones,
724 3119 869 3181 quaemihi
887 3120 918 3169 cb
936 3119 1047 3169 latinita-

64 3192 113 3231 tem
131 3183 259 3248 snbcrtae,
279 3185 391 3234 ncndnm
404 3185 518 3236 sublatas
529 3194 597 3236 sunt.
609 3212 641 3222 -
659 3186 702 3239 86.
713 3188 756 3240 47.
771 3188 882 3251 periculi
892 3201 913 3234 o.
926 3183 960 3249 1.]
973 3187 1045 3250 peri·

63 3249 136 3300 culis.
153 3275 184 3286 -
203 3250 246 3312 86,
259 3254 282 3300 1.
301 3253 390 3310 emtis,
414 3253 472 3303 aliie
493 3247 606 3319 utilibus]
629 3253 706 3304 66666
728 3255 834 3320 aliisque
856 3252 956 3304 utilibus
972 3253 992 3304 1.
1013 3277 1045 3292 -

62 3317 141 3376 88,1.
159 3319 293 3382 accipitur]
312 3319 440 3383 excipitur
456 3321 475 3373 Ι.
503 3317 565 3370 Onm
588 3334 642 3373 666.
666 3322 765 3386 optumi
788 3322 845 3370 libii
868 3321 1045 3382 commendent,

61 3397 106 3432 car
123 3386 252 3449 occipitio
269 3401 301 3434 ex
319 3384 447 3449 nonnullis
466 3384 568 3437 alterins
586 3389 687 3452 generis
710 3388 854 3438 necessario
872 3387 1045 3454 recipiendum

60 3450 108 3511 sit,
131 3464 183 3500 non
205 3453 343 3518 perspicio.
366 3479 398 3490 ·-
419 3453 463 3516 80,
474 3456 499 3506 8.
517 3457 583 3505 illico
600 3459 690 3519 promel
705 3451 805 3521 666666]
818 3455 895 3505 ,iilum
916 3453 1006 3508 obesae
1022 3453 1043 3503 1-
