2378 3864
166 150 206 210 96
340 165 382 205 nn
403 164 505 207 annno
527 162 728 207 rrursrnrno
751 161 777 204 o.
801 155 843 209 93.
866 153 911 208 et.
932 155 977 209 95.

166 313 360 382 ceonuiones,
380 312 533 390 omnisque
546 311 647 389 liguri
663 327 770 389 parere
783 309 879 381 iubet,
901 317 930 372 et
967 313 995 371 ei
1027 312 1136 388 negotio

113 401 154 463 et
165 413 342 478 proxumum
363 395 443 456 diem
456 396 612 456 constituit.
650 393 701 454 Set
724 392 774 454 ubi
796 413 832 454 ex
850 401 1009 471 praecepto
1030 399 1137 473 tempus

164 483 272 552 vnum,
286 480 395 559 paratis
411 479 625 557 conpositisque
639 476 775 538 omnibus
789 477 826 539 ad
844 476 943 539 locum
957 476 1064 555 pergit.
1089 475 1136 539 Ge·

164 574 262 628 terum
281 564 337 634 illi,
360 565 409 642 qui
428 563 578 624 escensuri
595 569 691 630 erant,
712 561 863 640 praedocti
884 560 920 621 ab
943 561 1035 631 duce,
1063 578 1138 623 uma

165 655 358 727 ornatumque
379 653 576 715 mutaverant,
598 645 700 724 ¹capite
719 653 806 724 atque
826 643 951 723 pedibus
975 643 1076 714 nud'n,
1102 645 1152 706 ulis

163 739 336 812 prospectus
357 731 496 808 nisusque
516 747 570 807 per
592 746 661 789 sara
688 727 800 789 facilius
827 728 917 790 toret:
945 745 1037 806 super
1063 734 1138 805 terga

164 815 250 893 gladii
264 821 293 876 et
305 821 401 882 scuta,
416 831 520 875 verum
534 831 568 875 ea
585 811 737 873 Numidica
751 829 791 874 ex
805 813 906 882 coriis,
922 811 1065 891 ponderis
1080 829 1139 891 gm-

137 901 202 961 atiu
218 897 302 960 simul
322 904 350 957 et
369 895 491 958 obtensa
507 914 565 975 quo
579 895 672 957 levius
686 902 861 974 streperent.
897 895 990 974 igitur
1005 912 1139 974 praegre-

164 982 246 1044 diens
260 982 348 1060 ligus
362 998 431 1041 saxa
445 987 476 1042 et
496 983 609 1060 siquae
625 985 756 1042 vetustae
773 979 888 1041 radices
904 977 1075 1042 esninebunt
1104 979 1140 1041 la·

164 1066 246 1144 queis
259 1063 412 1132 vinciebat,
433 1063 540 1142 quibus
556 1062 678 1125 adlevati
692 1062 799 1125 milites
813 1061 925 1125 laodien
939 1063 1161 1133 escenderento

163 1148 310 1210 interdum
325 1147 441 1208 timidos
463 1146 616 1211 insolentia
636 1148 748 1209 itineris
761 1147 858 1209 levare
874 1164 979 1208 manu:
992 1147 1047 1208 ubi
1061 1145 1141 1226 paulo

164 1233 296 1310 asperior
312 1229 470 1293 adscensus
489 1239 567 1302 eret,
589 1230 719 1308 singulos
734 1248 806 1308 prae
820 1248 852 1292 se
869 1232 1000 1292 munros
1021 1232 1140 1300 mimae,

164 1316 270 1378 deiude
283 1317 346 1394 ipse
363 1333 430 1376 cum
444 1313 563 1376 illorum
577 1317 666 1376 armis
679 1315 778 1392 sequi:
794 1332 869 1394 quae
884 1312 973 1375 dubia
986 1315 1057 1376 nisu
1068 1314 1141 1377 vido

164 1399 280 1471 bantur,
296 1400 475 1479 potissumus
488 1405 641 1477 temptare,
658 1415 693 1459 ac
709 1398 825 1476 saepius
840 1398 942 1459 eadem
963 1398 1141 1461 edscendens

163 1483 419 1561 descendensque,
447 1481 514 1542 dein
535 1483 630 1542 statim
658 1480 838 1559 digrediens,
861 1483 966 1545 ceteris
996 1482 1163 1545 audacitmo

139 1567 282 1636 reddere.
313 1566 404 1645 Igitur
419 1565 468 1627 diu
482 1563 666 1643 mulumque
686 1564 796 1643 fatigati
813 1565 931 1626 tandem
944 1566 976 1627 iu
996 1564 1142 1628 castellum

164 1652 347 1730 perveniunt,
370 1649 519 1710 desertum
540 1648 576 1709 eb
596 1667 630 1710 ea
643 1655 737 1725 parte,
761 1648 840 1726 quod
861 1666 974 1721 onmes,
990 1651 1070 1712 sicut
1086 1648 1142 1712 elin

71 1733 72 1736 ’
165 1732 284 1801 diebus,
307 1733 464 1792 advorsum
485 1731 578 1792 hostis
598 1731 728 1793 aderant.
772 1731 881 1794 ldarius
907 1731 960 1794 nbi
981 1751 1018 1794 ex
1039 1735 1141 1796 nuntiis

166 1833 241 1894 quae
262 1816 351 1890 ligus
373 1823 477 1890 egerat
497 1816 645 1890 cognovit,
670 1833 846 1894 quamquam
868 1823 928 1877 toto
951 1816 999 1879 die
1020 1818 1141 1880 intentos

164 1897 276 1976 proelio
298 1897 436 1959 Numidas
455 1896 613 1968 habuerat,
635 1907 698 1960 tum
715 1917 786 1960 vero
807 1900 978 1962 cohortatus
990 1901 1098 1964 milites
1118 1908 1162 1963 ets

164 1985 226 2061 ipsa
254 1987 338 2042 extra
365 1982 465 2040 vineas
493 1997 644 2058 egressus,
673 1984 824 2045 testudine
851 1990 916 2046 acta
934 1985 1100 2048 sesccedere
1117 1993 1141 2046 et

164 2064 251 2128 simul
264 2066 378 2127 hostem
393 2065 544 2126 tormentis
556 2065 769 2144 sagittariisque
785 2073 814 2127 et
825 2065 1023 2131 funditoribus
1035 2070 1141 2132 emmo

139 2158 288 2213 sterrere.
324 2150 362 2211 nt
380 2148 523 2211 Numidae
543 2166 631 2227 saepe
645 2156 729 2211 antea
751 2151 841 2212 vineis
855 2149 1059 2215 Romanorum
1077 2151 1140 2216 sub

164 2235 271 2304 vorsis,
290 2235 361 2296 item
379 2234 504 2294 incensis
518 2250 578 2292 nou
593 2232 702 2295 castelli
716 2235 871 2297 monibus
879 2252 949 2297 sese
964 2235 1140 2305 tutabantur,

165 2326 209 2377 sat
229 2335 284 2394 pro
301 2335 389 2378 muro
412 2317 473 2377 dias
490 2317 642 2387 nocdsque
658 2319 781 2397 agitare,
803 2318 880 2381 male
894 2320 993 2382 dicere
1004 2320 1162 2383 :Remuriss

164 2400 300 2462 sollario
315 2399 500 2461 vaecordiam
525 2398 686 2472 obiectare,
704 2402 843 2464 militibus
864 2404 972 2465 nosois
985 2403 1141 2483 Iurgurthae

138 2485 314 2546 oserritium
328 2486 448 2556 minari,
463 2485 599 2547 secundis
612 2486 704 2549 rebus
718 2485 833 2549 feroces
845 2504 921 2550 esse.
945 2487 1069 2552 lnterirn
1081 2496 1140 2552 om·

162 2567 258 2638 rubus,
277 2567 415 2631 Romanis
430 2567 634 2648 hostibusque,
650 2568 762 2647 proelio
777 2570 904 2642 intentis,
919 2589 1027 2651 mogus
1044 2575 1140 2637 utrim

164 2669 220 2730 que
235 2653 262 2712 vi
276 2669 331 2729 pro
346 2651 439 2730 gloria
453 2660 540 2732 atque
550 2655 678 2733 imperio
686 2653 740 2724 bis,
756 2653 811 2715 illis
830 2672 886 2734 pro
899 2654 993 2718 salute
1008 2656 1140 2720 cerunt

160 2733 226 2804 bus,
249 2742 372 2814 repento
394 2754 410 2797 a
432 2745 515 2815 tergo
535 2738 618 2814 signa
638 2753 759 2796 canere:
782 2755 817 2799 ac
834 2740 933 2816 primo
955 2739 1099 2805 mulieres
1116 2747 1163 2805 ets

162 2819 260 2893 pueri,
284 2821 671 2899 quioisumprocesserent,
696 2819 814 2898 lugere,
838 2820 943 2883 deiide
965 2825 1007 2885 uti
1023 2826 1142 2906 quisque

163 2917 248 2960 muro
262 2917 424 2978 proxumus
440 2911 512 2976 erat,
527 2910 676 2983 postremo
699 2905 805 2975 cuncti
823 2907 927 2967 arrecti
947 2907 1141 2990 inermesque

136 2983 248 3055 aQucd
270 2983 321 3045 ubi
348 2988 467 3058 accidit,
492 3007 526 3050 eo
548 2988 644 3049 acrius
663 2986 789 3049 Romani
810 2990 934 3060 instare,
964 2991 1091 3057 lundam
1110 3010 1142 3056 ae

163 3066 320 3147 plerosque
347 3075 459 3133 tantum
485 3072 573 3134 modo
595 3073 742 3142 sauciare,
771 3072 838 3134 dein
859 3093 948 3154 super
978 3079 1142 3144 occisorum

165 3169 291 3231 corpora
306 3153 426 3224 radere,
446 3156 521 3217 avidi
534 3155 644 3235 gloriae
660 3164 805 3220 certantes
819 3177 936 3222 murum
949 3169 1069 3238 potore,
1093 3182 1165 3227 nos

136 3243 220 3315 tque
235 3253 410 3318 quemquem
425 3241 555 3302 omniurn
571 3241 681 3319 praeda
697 3244 815 3304 morari.
851 3244 898 3306 Sic
913 3243 990 3307 forte
1005 3254 1142 3311 conrecit

162 3318 235 3382 llari
256 3323 403 3385 temeritas
425 3321 547 3401 gloriam
570 3342 607 3386 ex
629 3325 714 3403 culpa
735 3327 852 3390 invenit.

112 3401 152 3460 95
248 3405 383 3470 Ceterum
404 3407 474 3470 dum
497 3426 530 3468 ea
550 3425 598 3469 res
620 3410 746 3488 geritur,
770 3413 801 3474 L.
818 3411 896 3476 Sulla
918 3421 1058 3494 quaestor
1077 3435 1142 3482 cum
