2378 3864
115 177 156 239 90
364 191 407 232 ns
425 188 529 231 nanno
551 186 752 232 rvovnrsaruo
775 185 801 228 c.
814 178 857 233 85.

117 345 214 405 iorum
225 357 360 401 meorum
372 342 532 404 ostentare,
547 344 584 405 at,
602 338 626 396 si
640 354 689 397 res
703 335 838 415 postulet,
852 335 950 396 hastas
964 335 1096 397 vexillum

119 425 268 505 phaleras,
285 423 340 484 alia
363 420 495 482 militaria
518 420 609 489 dona,
631 428 785 498 praeterea
805 420 956 480 cicatrices
978 419 1096 480 advorso

76 521 110 575 to
119 517 247 590 pectore.
287 507 349 568 llae
364 511 433 566 sunt
445 523 529 566 meac
543 505 698 582 imagines,
721 504 794 565 haec
813 502 958 573 nobilitas,
973 521 1035 564 non
1051 503 1097 565 he·

120 594 243 655 reditate
257 590 375 660 relicta,
396 596 430 651 ut
444 589 492 650 illa
508 588 573 658 illis,
590 595 634 649 set
651 606 725 667 quae
742 594 858 664 egomet
888 588 960 649 meis
998 588 1096 666 pluru·

78 693 110 746 al
121 680 176 739 mis
200 675 351 738 laboribus
380 679 409 734 et
435 670 574 750 periculis
602 673 738 750 quaesivi.
775 671 841 732 Non
862 679 930 732 sunt
952 673 1118 750 conpositas

120 759 210 823 verba
226 777 306 821 mea:
322 759 404 837 parvi
419 756 447 818 id
464 757 555 817 lacio:
571 756 633 834 ipsa
647 772 679 817 se
697 757 789 817 virtus
803 756 872 816 satis
887 756 1028 817 ostendit:
1048 755 1100 816 illis

78 858 113 910 aa
124 844 245 906 artificio
271 859 345 921 opus
367 848 424 910 est,
452 847 486 901 ut
505 842 601 917 turpia
622 839 696 900 iacta
720 839 851 901 oratione
875 846 984 916 tegant.
1001 839 1100 918 Neque

120 928 231 990 litteras
246 926 373 987 Graecas
392 924 493 985 didici:
516 940 621 1000 parum
634 921 767 1000 placebat
785 940 833 985 eas
850 923 978 993 discere,
995 925 1100 1004 quippe

77 1029 111 1081 33
121 1029 197 1090 quae
212 1010 249 1071 ad
263 1011 402 1070 virtutem
417 1006 586 1068 doctoribus
600 1007 671 1067 nihil
685 1008 867 1084 profuerant.
896 1007 996 1069 Atilia
1011 1007 1100 1069 multo

120 1101 240 1173 optuma
254 1094 298 1153 rei
311 1090 446 1171 publicae
461 1090 564 1152 doctus
577 1107 657 1151 sum:
675 1089 791 1153 hostem
806 1090 909 1159 ferire,
923 1093 1127 1169 praesidiumn

120 1179 245 1255 agitare,
261 1175 332 1236 nihil
342 1181 475 1237 metuere
487 1174 543 1235 nisi
554 1180 671 1253 turpem
682 1173 798 1246 famam,
816 1174 944 1236 hiemem
960 1183 989 1238 et
1006 1182 1097 1237 aesta·

120 1269 180 1322 tem
200 1261 279 1321 iuxta
299 1261 368 1338 pati,
389 1259 473 1320 humi
484 1259 684 1337 requiescere,
708 1259 811 1321 eodem
826 1265 960 1337 tempore
974 1261 1100 1338 inopiam

76 1360 111 1412 34
123 1352 151 1406 et
172 1343 304 1405 laborem
326 1343 461 1404 tolerare.
496 1342 545 1402 llis
561 1359 615 1420 ego
628 1345 793 1422 praeceptis
815 1342 920 1404 milites
940 1342 1098 1405 hortabor:

120 1446 176 1490 nec
197 1427 262 1489 illos
281 1433 344 1488 arte
362 1426 465 1496 colam,
488 1443 536 1487 me
551 1425 715 1509 opulenter,
737 1445 833 1506 neque
855 1425 980 1504 gloriam
994 1446 1098 1498 meam,

78 1511 253 1582 aslaborem
268 1510 385 1572 illorum
401 1511 513 1571 faciam.
543 1510 606 1571 lloc
621 1517 665 1571 est
678 1510 758 1581 utile,
774 1510 832 1572 hoc
848 1510 929 1573 civile
935 1513 1098 1591 imperium.
1108 1527 1126 1569 n

121 1595 253 1676 Namque
276 1613 343 1656 cum
363 1600 424 1656 tute
439 1612 493 1672 per
510 1593 659 1655 mollitiam
680 1612 757 1673 agas,
779 1595 939 1656 exercitum
959 1595 1099 1674 subplicio

77 1698 110 1750 33
121 1698 245 1758 cogere,
261 1678 289 1739 id
306 1685 350 1739 est
364 1678 526 1747 dominum,
540 1677 809 1757 nonimperatorem
826 1696 898 1741 esso.
922 1679 1002 1741 Haec
1014 1687 1099 1758 atque

120 1763 186 1824 talia
204 1763 330 1822 maiores
351 1761 440 1821 vostri
457 1760 592 1822 faciundo
613 1779 703 1840 seque
720 1780 843 1841 remque
858 1762 1007 1842 publicam
1026 1764 1098 1825 cele-

76 1845 253 1920 37bravere.
295 1843 365 1914 Quis
378 1843 513 1906 nobilitas
531 1843 615 1915 freta,
637 1847 698 1924 ipsa
718 1845 863 1908 dissimilis
884 1847 1027 1917 moribus,
1047 1864 1098 1907 nos

122 1928 239 1990 illorum
255 1926 385 1989 aemulos
401 1930 559 1990 contemnit
575 1935 604 1990 et
615 1930 708 1990 omnis
719 1930 847 1992 honores
860 1949 920 1991 non
936 1950 972 1993 ex
986 1932 1126 2001 meriton

79 2026 113 2078 38
123 2020 168 2074 set
190 2013 273 2092 quasi
286 2010 400 2073 debitos
415 2029 431 2072 a
445 2011 528 2074 vobis
547 2015 662 2092 repetit.
697 2012 833 2075 Ceterum
848 2014 981 2077 homines
998 2033 1098 2095 super·

119 2097 241 2158 bissumi
256 2097 361 2176 procul
378 2105 487 2159 errant.
516 2095 640 2159 Maiores
655 2116 759 2160 eorum
775 2099 880 2169 omnia,
897 2117 972 2178 quae
984 2098 1098 2169 licebat,

119 2181 173 2243 illis
184 2180 340 2262 reliquere,
353 2182 463 2244 diritias
477 2182 635 2260 imagines,
651 2183 823 2245 memoriam
836 2185 882 2244 sui
898 2183 1096 2263 praeclaram:

121 2266 255 2327 virtutem
265 2283 326 2326 non
335 2266 491 2345 reliquere,
504 2284 599 2345 neque
613 2272 762 2345 poteraut:
781 2285 815 2328 ea
829 2268 891 2329 sola
903 2285 1000 2346 neque
1015 2267 1099 2329 datur

76 2348 197 2411 tbdono
218 2365 315 2429 neque
336 2350 487 2428 accipitur.
528 2350 685 2413 Sordidum
701 2369 749 2412 me
775 2359 806 2414 et
826 2349 945 2413 incultis
966 2350 1126 2411 moribusn

118 2434 213 2504 aiunt,
233 2434 300 2513 quia
315 2450 420 2510 parum
442 2434 513 2495 scite
536 2435 698 2496 convivium
714 2453 840 2505 exorno,
862 2452 958 2513 neque
981 2435 1098 2496 histrio·

118 2534 187 2577 nem
203 2515 305 2586 ullum,
327 2533 423 2596 neque
436 2516 529 2594 pluris
543 2519 625 2596 preci
644 2536 748 2579 cocum
762 2536 849 2596 (mam
864 2518 980 2580 vilicum
994 2517 1099 2581 habeo.

75 2602 111 2653 40
122 2600 202 2671 Quae
223 2599 294 2658 mihi
314 2597 397 2660 lubet
419 2600 559 2669 confiteri,
583 2601 717 2671 Quirites.
751 2601 823 2661 Nam
841 2619 876 2662 ex
898 2609 1020 2678 parente
1035 2621 1100 2664 meo

119 2689 198 2742 etex
212 2680 274 2740 aliis
286 2683 393 2741 sanctis
406 2683 475 2742 viris
486 2683 525 2742 ita
541 2685 654 2760 accepi:
663 2683 819 2744 munditias
833 2681 1014 2754 mulieribus,
1032 2688 1100 2748 viris

117 2763 250 2823 laborem
267 2765 432 2833 convenire,
449 2763 643 2844 omnibusque
653 2763 739 2825 honis
755 2773 892 2843 oportere
906 2763 972 2842 plus
988 2766 1127 2844 gloriaest

118 2863 206 2924 quam
221 2845 384 2907 divitiarum
402 2863 480 2908 esse:
502 2865 592 2917 arma,
608 2865 668 2909 non
681 2847 891 2926 supellectilem
906 2848 1007 2912 decori
1025 2872 1100 2916 esse.

69 2944 101 2994 tl
117 2929 194 3001 Quin
216 2945 287 3006 ergo
309 2930 387 3007 quod
405 2931 499 2999 iuvat,
521 2931 600 3009 quod
621 2949 722 2992 carum
739 2938 916 3002 aestumant,
934 2933 964 2994 id
981 2953 1100 3016 semper

117 3013 239 3074 faciant:
261 3021 358 3073 ament
375 3021 490 3092 potent:
513 3014 563 3076 ubi
585 3015 809 3079 adulescentiam
827 3017 968 3088 habuere,
990 3019 1032 3082 ibi
1053 3041 1099 3084 se·

117 3103 265 3159 nectutem
279 3104 375 3174 agant,
395 3098 439 3180 [in
455 3098 616 3180 convitiis}
636 3099 724 3161 dediti
746 3103 839 3165 ventri
858 3111 888 3164 et
902 3104 1099 3180 turpissumae

117 3184 193 3260 parti
213 3182 360 3260 corporis:
397 3183 535 3248 sudorem
568 3183 718 3262 pulverem
738 3193 766 3247 et
782 3187 835 3248 alia
850 3186 917 3247 talia
931 3187 1129 3268 relinquantur

73 3265 217 3335 danobis,
240 3264 346 3345 quibus
369 3266 417 3328 illa
440 3267 533 3346 epulis
554 3268 724 3331 iocundiora
739 3277 814 3332 sunt.
849 3269 958 3332 Verum
977 3290 1038 3334 non
1059 3276 1097 3335 ita

116 3356 170 3410 est.
198 3350 272 3411 Nam
289 3349 340 3411 uhi
355 3368 387 3412 se
394 3348 550 3432 [omnibus]
558 3353 671 3431 flagitiis
688 3353 910 3424 dedecoravere,
927 3357 1097 3434 turpissumi

72 3451 107 3502 43
118 3435 170 3494 riri
185 3432 331 3495 bonorum
346 3437 477 3513 praemia
486 3445 621 3517 ereptum
636 3444 715 3499 eunt.
745 3438 786 3500 lta
798 3438 995 3502 hriustissume
1010 3439 1096 3504 luxu·
