2378 3864
84 143 93 159 ⁵
126 159 166 219 12
236 176 280 219 nn
304 171 477 214 earmrunn
501 172 742 216 courvnarronn
766 173 794 218 o.
816 165 860 218 tl.
883 165 925 216 tt.
949 167 993 220 ts

125 325 184 387 citu
206 324 238 384 P.
263 324 377 385 Sittium
400 321 596 390 Nucerinum,
620 321 721 383 consili
742 323 788 382 sui
805 323 979 401 participes:
1004 331 1107 401 petere

124 406 308 469 consulatum
320 407 354 468 G.
366 406 533 474 Antonium,
546 422 633 482 quern
650 404 705 466 sibi
723 405 875 482 conlegam
885 405 949 467 iore
961 417 1104 485 speraret,

123 491 273 552 hominem
286 497 315 552 et
326 488 500 551 familiarem
512 494 541 549 et
552 489 688 550 omnibus
699 489 963 550 necessitudinibus
977 492 1108 552 circum-

97 580 257 636 aventum:
282 591 349 635 cum
368 591 402 634 eo
417 589 449 632 se
465 569 617 632 consulem
630 574 744 634 initium
758 571 866 649 agundi
881 572 1040 634 facturum.
1061 576 1105 636 to

120 657 179 720 boc
199 658 276 719 male
298 657 381 717 dictis
402 653 574 733 increpabat
600 656 694 716 omnis
715 654 824 725 bonos,
855 674 973 716 suorum
996 675 1124 719 unum-s

121 760 268 821 quemque
295 741 448 800 nominans
476 738 610 799 laudare:
640 738 814 799 admonebat
840 738 928 800 alium
956 744 1103 816 egestatis,

122 825 211 886 alium
233 823 397 902 cupiditatis
418 840 503 893 suae,
532 821 681 900 conpluris
699 821 822 901 periculi
844 830 894 883 aut
914 824 1102 900 ignominiae,

96 907 231 971 amultos
245 908 383 968 victoriae
400 904 550 975 Sullanae,
572 905 679 984 quibus
694 925 727 966 ea
744 907 871 985 praedae
887 906 990 967 iuerat.
1020 907 1103 968 Post·

123 1009 212 1070 quam
226 991 356 1052 omnium
379 991 491 1050 animos
512 988 615 1050 alacris
636 990 730 1059 videt,
752 989 921 1051 cohortatus
939 997 972 1050 ut
987 992 1103 1071 petitio·

71 1075 191 1136 22nem
205 1091 289 1135 suam
310 1092 399 1135 curae
419 1073 576 1142 baberent,
597 1080 773 1135 conventum
794 1073 908 1134 dimisit.
947 1073 1045 1136 Fuere
1068 1095 1101 1137 ea
1110 1096 1130 1136 o

121 1164 309 1236 tempestate,
334 1159 383 1236 qui
397 1158 530 1218 dicerent
543 1155 704 1235 Catilinam,
712 1158 844 1218 oratione
865 1156 964 1218 habita
979 1176 1049 1219 oum
1066 1160 1103 1220 ad

120 1242 325 1303 iusiurandum
339 1239 491 1320 popularis
505 1239 624 1302 sceleris
638 1257 684 1301 sur
698 1240 837 1317 adigeret,
856 1240 977 1302 humani
994 1260 1102 1320 corpo·

93 1339 109 1388 2
120 1327 161 1386 ris
173 1326 345 1403 sanguinem
357 1327 423 1386 vino
434 1325 611 1403 permixtum
624 1325 654 1385 in
665 1326 774 1403 pateris
788 1323 1018 1386 circumtulisse:
1034 1328 1102 1388 inde

122 1427 190 1469 cum
208 1415 274 1487 post
290 1409 504 1470 execrationem
521 1425 623 1469 omnes
637 1408 879 1485 degustavissent,
897 1409 982 1469 sicuti
998 1411 1029 1469 in
1044 1410 1100 1470 sol·

119 1491 266 1553 lemnibus
285 1494 376 1553 sacris
397 1493 461 1556 fieri
482 1493 640 1560 consuerit,
663 1492 814 1562 aperuisse
829 1490 983 1552 consilium
1003 1510 1098 1563 suum,
1110 1512 1130 1552 u

118 1569 221 1654 [atque
232 1590 267 1633 eo
276 1571 409 1632 dictitare
420 1567 540 1649 iecisse]
553 1588 610 1648 quo
621 1572 700 1630 inter
711 1590 743 1632 se
752 1572 802 1632 ndi
813 1576 905 1652 magis
915 1577 1015 1638 forent
1028 1576 1101 1638 alius

93 1655 166 1720 salii
183 1659 255 1717 tanti
273 1657 411 1719 facinoris
429 1657 546 1717 conscii.
580 1654 718 1716 Nonnulli
737 1656 804 1717 dcta
820 1664 849 1717 et
870 1657 943 1718 baec
966 1665 996 1719 et
1008 1660 1100 1720 multa

119 1747 273 1819 praeterea
285 1739 499 1803 existumabant
510 1737 547 1798 ab
560 1739 616 1807 eis,
633 1740 682 1817 qui
695 1737 842 1801 Ciceronis
855 1740 1007 1811 invidiam,
1025 1760 1100 1823 quae

118 1831 219 1903 postea
241 1831 303 1886 orta
325 1831 385 1893 est,
403 1823 489 1884 leniri
507 1821 667 1883 credebant
682 1825 832 1886 atrocitate
847 1823 966 1885 sceleris
984 1845 1098 1897 eorum,

119 1910 169 1987 qui
189 1926 301 1987 poenas
323 1907 473 1970 dederant.
515 1904 606 1966 Nobis
627 1924 660 1966 ea
682 1925 730 1967 res
753 1926 807 1986 pro
826 1909 1026 1986 magnitudine
1047 1928 1127 1989 pare

118 2009 186 2052 rum
201 2001 341 2071 conperta
362 1997 413 2052 est.

70 2082 109 2144 23
205 2075 255 2137 Set
275 2078 306 2136 in
325 2093 358 2136 ea
376 2074 576 2135 coniuratione
594 2073 649 2134 fuit
666 2074 699 2144 0.
719 2072 837 2144 Curius,
860 2083 947 2137 natus
960 2076 1033 2138 haut
1047 2078 1098 2138 ob·

120 2176 208 2220 scuro
222 2159 303 2229 loco,
323 2158 437 2235 flagitiis
452 2163 538 2234 atque
554 2156 734 2218 facinoribus
749 2165 899 2237 copertus,
926 2178 1014 2238 quem
1030 2179 1098 2222 cen·

90 2259 201 2309 asores
214 2250 315 2303 senatu
327 2239 430 2320 probri
440 2241 533 2316 gratia
544 2247 705 2301 moverant.
721 2241 797 2302 Huic
806 2242 918 2304 homini
930 2261 990 2304 non
1001 2247 1098 2306 minor

117 2327 227 2386 sanitas
242 2326 335 2385 inerat
353 2340 440 2404 quam
456 2324 592 2384 audacia:
614 2341 710 2405 neque
725 2326 851 2387 reticere
865 2345 940 2407 quae
955 2329 1129 2398 audieratis

117 2425 214 2486 neque
228 2414 342 2469 suamet
354 2408 417 2485 ipsc
434 2406 546 2469 scelera
564 2407 725 2478 occinere,
749 2426 872 2487 prorsus
888 2429 984 2490 neque
999 2412 1097 2474 dicere

90 2507 213 2568 aneque
228 2489 326 2553 iacere
341 2493 497 2572 quicquam
512 2494 596 2571 pensi
612 2491 748 2553 habebat.
773 2493 844 2553 Erat
859 2495 886 2552 ci
903 2511 970 2554 cum
986 2494 1097 2566 Fulvia,

61 2601 70 2615 ·
122 2573 246 2634 muliere
267 2575 372 2645 nobili,
396 2577 490 2653 stupri
511 2582 594 2636 retus
616 2573 805 2637 consuetudo.
835 2573 888 2634 Cui
910 2593 978 2636 cum
1000 2579 1098 2640 nunus

117 2663 218 2734 gratus
233 2665 317 2728 esset,
334 2661 400 2738 quia
416 2659 512 2736 iuopia
528 2659 624 2717 minus
637 2655 739 2734 largiri
756 2662 879 2733 poterat,
896 2666 1018 2735 repente
1034 2660 1096 2737 glo-

116 2741 196 2800 rians
210 2743 302 2803 maria
318 2742 483 2818 montisque
500 2737 633 2816 polliceri
650 2739 754 2816 coepit,
777 2745 806 2799 et
822 2741 928 2800 minari
947 2742 1097 2806 interdum
1107 2773 1130 2814 aa

117 2822 206 2892 terro,
221 2826 252 2884 ni
267 2824 322 2886 sibi
339 2825 464 2885 obnoxia
476 2823 563 2884 foret:
576 2828 725 2900 postremo
739 2820 868 2883 ferocius
881 2824 993 2900 agitare
1007 2844 1096 2904 quani

89 2904 219 2967 asolitus
238 2915 309 2968 erat.
333 2909 371 2967 At
383 2906 492 2975 Fulvia,
509 2904 679 2966 insolentiae
690 2903 760 2966 Curi
783 2923 869 2968 causa
892 2909 1021 2985 cognita,
1040 2912 1097 2973 tale

122 2988 285 3068 periculum
307 2993 352 3052 rei
370 2989 504 3068 publicae
524 2988 596 3049 baut
611 2988 758 3050 occultum
780 2988 897 3062 babuit,
921 2999 965 3053 set
980 2993 1096 3056 sublato

118 3080 238 3135 auctore
253 3075 291 3136 de
302 3073 440 3136 Catilinae
453 3075 653 3136 coniuratione
680 3091 754 3153 quae
770 3076 984 3156 quoquomodo
995 3079 1095 3140 audie·

90 3166 162 3226 5rat
184 3156 376 3238 conpluribus
400 3159 537 3221 narrarit.
562 3157 604 3219 Ea
615 3175 664 3218 res
677 3159 707 3219 in
722 3159 823 3237 primis
836 3161 930 3222 studia
943 3161 1095 3224 hominum
1105 3189 1128 3229 aa

118 3242 254 3304 adcendit
277 3244 313 3303 ad
341 3241 524 3304 consulatum
550 3242 749 3304 mandandum
771 3242 808 3302 Μ.
832 3242 928 3304 Tullio
951 3244 1093 3308 Ciceroni.

91 3325 250 3406 gNamque
264 3333 348 3387 antea
363 3323 504 3404 pleraque
519 3324 654 3387 nobilitas
668 3327 774 3388 invidia
786 3327 950 3398 aestuabat,
968 3337 996 3391 et
1012 3333 1094 3409 quasi

117 3409 208 3489 pollui
225 3409 407 3473 consulatum
419 3408 586 3481 credebant,
603 3411 706 3472 sicum
718 3412 848 3492 mamus
859 3413 994 3493 egregius
1005 3413 1094 3475 homo
