2378 3864
191 230 235 274 na
259 222 433 274 ebriemur
455 224 697 276 courruarrcuu
719 231 748 274 c.
771 222 811 277 29.
832 222 876 276 ab.
896 225 939 278 31.
1017 213 1054 274 15

73 389 130 451 tus,
152 378 232 460 quod
245 396 343 460 neque
364 379 470 440 urbem
491 379 527 440 ab
551 379 661 439 insidiis
675 381 787 459 privato
804 372 923 440 consilio
939 379 1055 458 longius

71 463 151 526 tueri
172 468 296 541 poterat,
313 474 410 542 neque
433 464 576 524 exercitus
590 461 677 523 Manli
697 470 823 543 quantus
843 471 892 524 aut
911 476 969 542 quo
985 482 1054 525 con·

72 547 136 609 silio
154 547 232 608 foret
247 548 315 607 satis
329 554 504 624 conpertum
518 545 654 616 habebat,
676 564 741 607 rem
757 547 794 607 ad
807 554 940 608 senatum
954 548 1053 618 refert,

71 633 130 693 iam
150 636 234 691 antea
257 629 335 706 volgi
349 629 519 691 rumoribus
534 630 718 708 exagitatum.
755 631 870 711 ltaque,
894 631 972 710 quod
992 631 1080 708 ple-2

49 731 199 795 urumque
226 715 256 773 in
278 716 370 775 atroci
392 714 510 790 negotio
533 712 622 782 solet,
646 720 763 775 senatus
790 715 932 783 decrevit,
951 712 1055 776 darent

72 814 194 876 operam
216 795 351 858 consules
387 815 425 858 ne
447 797 516 876 quid
533 814 582 857 res
603 796 721 874 publlea
739 798 904 858 detrimenti
926 805 1053 877 caperet.

71 882 113 943 Ea
136 887 265 960 potestas
290 896 345 958 per
367 886 502 941 senatum
526 898 609 942 more
635 880 767 942 Romane
789 884 972 960 magistratui
991 893 1080 944 mat-a

70 981 160 1026 xuma
180 965 373 1042 permittitur,
397 966 559 1025 exercitum
572 980 693 1042 parare,
716 963 827 1026 bellum
841 982 954 1043 gerere,
970 981 1053 1028 cuer-

71 1067 140 1110 cere
163 1045 299 1108 amnibus
319 1046 415 1108 modis
437 1049 532 1109 socios
554 1054 640 1126 atque
663 1049 746 1117 ciris,
777 1049 857 1110 domi
877 1049 1053 1130 militiaeque

34 1134 230 1213 reimperium
241 1139 327 1210 atque
349 1131 488 1193 iudicium
506 1149 654 1192 summum
672 1131 800 1192 habere:
821 1132 903 1194 aliter
921 1135 983 1195 sine
998 1148 1052 1213 pe·

69 1214 132 1294 puli
152 1217 234 1277 iussu
250 1214 358 1276 nullius
380 1231 481 1275 carum
495 1232 598 1277 rerum
620 1214 732 1276 consuli
752 1217 796 1276 ius
812 1223 864 1277 est.
897 1217 967 1277 Post
979 1234 1051 1296 pau·
1062 1221 1103 1283 30

71 1316 121 1359 cos
138 1298 200 1360 dies
215 1299 247 1359 L.
264 1297 386 1359 Saenius
401 1303 519 1359 senator
535 1300 565 1359 in
582 1305 685 1360 senatu
700 1297 810 1360 litteras
824 1301 964 1371 recitarit,
981 1318 1053 1379 quas

69 1380 201 1446 Faesulis
220 1381 330 1443 adlatas
352 1382 407 1442 sibi
425 1381 555 1451 dicebat,
579 1383 609 1442 in
632 1380 739 1461 quibus
760 1384 901 1461 scriptum
919 1391 995 1453 erat,
1018 1384 1051 1444 G.

69 1465 211 1527 blanlium
232 1482 314 1526 arma
337 1468 450 1543 cepisse
471 1474 538 1526 cum
558 1481 664 1541 magna
680 1464 865 1526 multitudine
887 1476 954 1528 ante
975 1469 1052 1528 diem

35 1549 116 1612 reVl.
140 1548 285 1610 Kalendas
306 1547 488 1610 Novembris.
527 1548 633 1619 Simul,
655 1549 684 1609 id
706 1549 783 1628 qued
799 1551 828 1609 in
847 1549 897 1610 tali
920 1564 953 1612 re
968 1549 1078 1621 selet,²

69 1633 117 1694 alii
131 1639 268 1712 portenta
283 1640 370 1711 atque
387 1632 520 1712 prodigia
535 1631 720 1702 nuntiabant,
741 1632 788 1693 alii
805 1640 965 1695 conventus
978 1630 1051 1704 beri,

71 1735 151 1777 arma
164 1717 285 1795 portari,
303 1716 420 1794 Capuae
434 1723 522 1796 atque
533 1717 563 1776 in
575 1715 678 1794 Apulia
693 1716 797 1778 servile
808 1715 918 1778 bellum
930 1720 1050 1779 moveri.

70 1801 163 1877 lgitur
179 1802 272 1860 senati
288 1799 406 1860 decreto
424 1800 457 1870 Ο.
474 1800 600 1861 Marcius
615 1800 677 1861 Rex
692 1799 844 1870 Faesulas,
868 1801 901 1872 Q.
919 1800 1076 1863 lletellustt

71 1883 203 1945 Creticus
223 1884 253 1943 in
272 1881 406 1961 Apuliam
429 1884 599 1962 circumque
615 1901 648 1944 ee
664 1882 728 1944 loca
741 1885 822 1945 missi
839 1918 874 1928 —
892 1886 918 1945 ei
936 1884 1052 1969 utrique

35 1989 59 2030 ae
70 1968 107 2028 ad
126 1965 232 2028 urbem
248 1970 443 2047 imperatores
457 1974 554 2037 erant,
576 1968 696 2045 inpediti
716 1984 754 2029 ne
770 1967 988 2046 triumpharent
1002 1978 1076 2030 εει-4

67 2050 179 2111 lumnia
200 2068 377 2129 paucorum,
401 2050 507 2130 quibus
528 2052 625 2111 omnia
645 2051 767 2112 honesta
789 2058 876 2129 atque
897 2052 1051 2113 inhonesta

67 2133 276 2196 venderemus
292 2140 355 2194 erat
371 2168 423 2205 —,
443 2141 488 2196 set
500 2133 652 2213 praetores
667 2133 701 2204 Q.
718 2134 874 2213 Pompeius
888 2132 982 2197 Rulus
999 2135 1078 2197 Cat

66 2236 172 2297 puam,
195 2216 229 2288 Q.
248 2217 381 2278 Metellus
402 2217 486 2280 Celer
507 2220 537 2279 ln
559 2234 663 2295 agrum
684 2219 839 2288 Picenum,
863 2220 963 2298 eisque
984 2237 1052 2297 per·

67 2303 205 2369 missum,
228 2303 272 2362 uti
292 2318 346 2377 pro
368 2308 501 2378 tempore
517 2308 603 2380 atque
617 2300 748 2380 periculo
768 2304 929 2365 exercitum
943 2319 1051 2382 conpa-

34 2390 179 2448 nrarent.
212 2382 256 2443 nd
275 2383 348 2452 hcc,
372 2384 395 2443 si
410 2385 474 2462 quis
489 2383 673 2463 indicavisset
687 2384 723 2446 de
742 2387 959 2457 coniuratione,
977 2396 1077 2465 quaet

68 2475 171 2531 contra
185 2485 250 2528 rem
264 2463 412 2545 publicam
427 2466 502 2527 facta
519 2473 595 2536 erat,
609 2470 772 2544 praemium
786 2484 870 2529 servo
885 2469 1049 2530 libertatem

68 2560 97 2615 et
119 2552 252 2613 sestertia
267 2556 400 2620 centum,
421 2548 515 2611 libere
529 2551 721 2630 inpunitatem
737 2551 799 2612 cius
814 2552 858 2611 rei
875 2557 905 2612 et
918 2556 1050 2613 sestertia

68 2638 208 2706 ducenta,
230 2637 359 2714 itemque
381 2635 554 2704 decrevere,
577 2635 621 2696 uti
641 2633 829 2712 gladiatoriae
851 2633 976 2696 familiae
997 2635 1077 2700 (la-r

67 2737 157 2800 puam
176 2726 204 2780 et
224 2720 254 2780 in
273 2723 370 2780 cetera
391 2720 548 2798 municipia
567 2718 813 2780 distribuerentur
831 2732 887 2796 pro
910 2720 1050 2799 cuiusque

32 2803 183 2883 stropibus,
199 2803 310 2864 Romae
326 2819 382 2880 per
396 2808 485 2864 totam
500 2802 607 2864 urbem
623 2802 734 2879 vigiliae
752 2801 932 2864 haberentur
950 2805 1049 2884 eisque

67 2889 198 2949 minores
218 2888 403 2962 magistratus
416 2894 594 2965 praeessent.
629 2885 741 2957 Quibus
756 2885 846 2947 rebus
859 2896 992 2965 permota
1011 2890 1049 2949 ci*
1060 2886 1094 2949 31

66 2973 140 3032 vitas
162 2978 249 3050 atque
269 2970 511 3032 inmutata-urbis
532 2970 622 3039 facies
644 2977 715 3032 erat.
738 2969 785 3031 Ex
807 2982 921 3031 summa
943 2971 1049 3033 laetitia

67 3062 155 3134 atque
169 3054 299 3122 lascivia,
323 3071 397 3132 quae
417 3054 553 3116 diuturna
570 3056 653 3134 quies
667 3061 832 3133 pepererat,
850 3062 971 3132 repente
987 3071 1049 3116 um·

67 3140 113 3201 nis
134 3139 249 3200 tristitia
265 3138 383 3198 invasit:
406 3136 545 3200 festinare
564 3139 726 3216 trepidare,
746 3153 843 3216 neque
864 3138 929 3198 loce
953 3155 1049 3217 neque

30 3245 57 3288 aa
68 3223 180 3284 homini
196 3223 332 3300 cuiquam
351 3222 420 3282 satis
441 3220 577 3291 credere,
599 3239 695 3300 neque
709 3221 819 3283 bellum
834 3232 939 3299 gerere
953 3235 1075 3300 nequer

66 3324 172 3385 pacem
181 3305 308 3375 habere,
327 3321 380 3366 sue
400 3305 524 3383 quisque
539 3310 619 3366 metu
638 3305 768 3383 pericula
789 3305 894 3366 metiri.
927 3305 971 3365 rld
992 3304 1075 3367 heca

67 3389 222 3461 mulieres,
245 3387 352 3469 quibus
373 3389 417 3449 rei
437 3387 571 3466 publicae
588 3390 786 3466 magnitudine
802 3387 874 3448 belli
894 3388 982 3449 timor
1002 3389 1047 3450 in·

66 3475 170 3536 subtus
185 3475 359 3543 incesserat,
380 3469 528 3534 adflictare
543 3488 623 3542 sese,
645 3489 749 3533 manus
767 3469 906 3549 subplicis
921 3471 959 3533 'ad
982 3484 1047 3534 cae·
