2378 3864
277 226 321 266 or
338 224 440 266 sunno
458 223 659 267 movarmno
684 222 710 265 ο.
733 213 775 266 m.
797 214 839 267 25.
1007 205 1045 264 53

67 380 114 436 est
135 373 267 442 relicum,
288 374 344 433 nisi
362 375 405 434 ris
417 379 523 441 vostra,
547 390 605 450 quo
620 370 732 432 moveri
748 369 856 448 possiti
897 371 972 432 Nam
992 385 1074 447 egon

67 457 189 538 quidem
208 455 321 525 vellem,
344 463 374 517 et
394 455 468 517 haec
490 472 565 533 quae
580 454 693 525 scribo,
711 460 740 514 ot
753 452 800 514 illa
821 471 896 532 quae
911 462 995 518 autea
1017 459 1047 517 in

66 545 172 602 senatu
197 545 316 619 questus
329 556 410 609 sum,
429 555 502 600 rana
516 538 613 598 forent
632 538 728 615 potius
746 555 832 617 quam
849 540 965 601 miseria
982 558 1047 601 mea

67 625 158 686 tidem
187 622 282 684 verbis
304 621 421 683 iaceret.
471 621 522 682 Set
543 623 679 700 quoniam
702 639 737 682 eo
757 627 842 682 natus
859 639 934 692 sum,
952 630 985 684 ut
998 622 1089 692 lu·1o

46 707 196 784 ogurthae
216 704 363 767 scelerum
383 707 509 766 ostentui
527 721 639 774 essem,
661 705 792 765 uoniam
805 714 930 767 mortem
952 724 1048 786 neque

67 806 235 859 aerumnas,
257 796 370 850 tantum
384 789 472 850 modo
486 789 595 848 inimici
606 789 765 868 imperium
781 798 810 850 et
820 792 966 852 cruciatus
982 809 1047 851 cor·

66 875 150 952 poris
171 873 324 950 deprecor.
367 872 470 949 llegno
492 871 658 940 Numidiae,
680 870 759 949 quod
779 879 910 934 rostrum
928 881 985 943 est,
1006 876 1048 935 uti

66 956 159 1027 lubet,
184 955 340 1017 consulite:
355 973 404 1016 me
418 955 553 1016 manibus
565 955 651 1033 inpiis
666 954 777 1033 eripite,
798 972 853 1034 per
868 957 1048 1019 maiestatem

64 1040 183 1119 imperi,
197 1056 252 1118 per
271 1039 414 1100 amicitiae
432 1039 530 1107 fidem,
550 1040 575 1098 si
593 1036 652 1099 ulla
672 1037 752 1115 apud
773 1056 825 1099 vos
838 1043 979 1102 memoria
1000 1060 1047 1103 re·

31 1129 168 1184 romanet
188 1124 233 1184 ari
255 1123 312 1182 mei
333 1120 518 1183 Masinissae!

151 1206 204 1267 llis
230 1205 334 1266 litteris
361 1207 489 1266 recitatis
509 1205 594 1265 suere
615 1206 665 1283 qui
686 1207 847 1266 exercitum
868 1207 899 1266 iu
920 1207 1047 1269 Africam
1057 1209 1097 1273 25

64 1290 244 1354 mittundum
270 1295 425 1350 censerent
453 1296 483 1350 et
510 1305 599 1366 quam
618 1289 746 1365 primum
765 1287 925 1350 Adherbali
942 1291 1047 1353 subve-

65 1374 226 1442 niundum,
249 1372 285 1432 de
307 1371 449 1448 Iugurtha
469 1372 587 1432 iuterim
607 1373 650 1432 nti
671 1369 891 1441 consuleretur,
911 1375 1047 1452 quoniam

63 1457 170 1534 legatis
190 1473 249 1516 non
270 1457 424 1532 paruisset.
448 1455 499 1517 Set
516 1455 553 1515 ab
576 1454 686 1515 eisdem
707 1452 763 1515 illis
784 1456 863 1531 regis
884 1456 1073 1520 lautorihnsa

27 1559 52 1601 u
64 1557 181 1602 summa
202 1556 259 1617 ope
280 1541 406 1607 enisum,
429 1556 467 1600 ne
487 1538 545 1600 tale
563 1538 713 1600 decretum
733 1539 826 1600 fieret.
871 1539 914 1600 lta
934 1538 1070 1603 bouuma

63 1623 226 1703 puhhoum,
244 1628 277 1683 ut
297 1624 327 1683 in
347 1620 495 1701 plerisque
517 1623 640 1699 negotiis
661 1621 743 1691 solet,
762 1623 873 1700 privata
887 1626 979 1701 gratia
995 1625 1045 1686 de·

63 1709 183 1768 rictum.
210 1705 358 1785 Legantur
376 1713 473 1766 tamen
493 1707 523 1767 in
536 1707 663 1767 Africam
675 1706 802 1768 maiores
822 1712 892 1767 natu
922 1707 1070 1776 nobilest

63 1789 170 1867 amplis
188 1788 351 1851 honoribus
373 1790 432 1857 usi,
461 1789 579 1867 inquis
604 1789 660 1850 fuit
684 1789 722 1850 ll.
751 1789 895 1861 Scaurus,
926 1792 963 1853 de
990 1811 1047 1872 quo

63 1890 155 1951 supra
176 1874 415 1940 memoravimus,
444 1871 604 1933 consularis
626 1880 656 1933 et
680 1880 743 1934 tum
762 1880 879 1935 senatus
900 1877 1046 1956 princeps.

28 1980 53 2022 ao
63 1957 108 2026 lli,
131 1956 212 2034 quod
224 1975 273 2017 res
286 1958 317 2017 in
337 1955 443 2016 invidia
458 1962 530 2025 erat,
539 1953 625 2017 simul
644 1963 673 2018 et
690 1956 726 2016 ab
741 1956 874 2019 Numidis
889 1958 1070 2031 obsecratis

62 2039 163 2100 triduo
183 2042 279 2100 navim
303 2039 471 2100 ascendere.
489 2041 561 2101 Dein
575 2040 658 2101 brevi
676 2040 789 2103 Uticam
805 2041 918 2120 adpulsi
936 2042 1046 2104 litteras

63 2124 101 2185 ad
126 2122 298 2201 Iugurtham
319 2124 446 2191 mittunt,
468 2140 556 2200 quam
578 2125 722 2186 ocissume
743 2125 779 2185 ad
797 2127 974 2202 provinciam
995 2126 1046 2186 ad·

63 2207 167 2275 cedat,
179 2224 270 2284 seque
284 2207 321 2267 ad
336 2223 404 2267 enm
420 2205 457 2265 ab
472 2212 575 2267 senatu
589 2208 702 2268 missos.
734 2207 785 2268 llle
799 2207 850 2269 ubi
864 2211 977 2287 accepit
991 2210 1071 2275 tro-c

61 2292 157 2355 mines
169 2288 273 2359 claros,
289 2307 415 2368 quorum
426 2290 628 2353 auctoritatem
638 2289 748 2351 llomae
761 2290 872 2369 pollere
886 2294 1043 2365 audiverat,

24 2396 50 2438 as
61 2379 165 2436 contra
176 2375 327 2452 inceptum
337 2390 424 2433 sunm
435 2374 556 2441 venisse,
572 2375 668 2451 primo
683 2381 846 2444 conmotus,
863 2384 943 2438 metu
957 2384 1045 2456 atque

58 2457 341 2541 lubidiusdivorsus
356 2456 534 2534 agitabatur:
558 2454 679 2517 timebat
695 2459 769 2517 iram
787 2466 919 2529 senatus,
942 2464 973 2521 ni
993 2479 1071 2539 pso-a

58 2542 168 2604 ruisset
187 2539 304 2618 legatis:
324 2557 415 2619 porro
433 2540 546 2599 animus
566 2538 703 2620 cupidine
718 2558 822 2602 caecus
837 2543 872 2602 ad
895 2542 1043 2623 inceptum

58 2624 157 2691 stolus
179 2624 357 2702 rapiebatur.
404 2621 475 2683 Vicit
497 2629 594 2685 tamen
615 2625 645 2684 in
674 2625 757 2686 arido
783 2626 899 2703 ingenio
921 2644 1069 2706 pravoms

58 2707 225 2772 consilium.
276 2707 368 2786 igitur
394 2709 525 2770 exercitu
552 2708 733 2770 circumdato
751 2726 865 2771 summa
885 2711 911 2770 vi
932 2710 1067 2782 Cirtamn
1124 2776 1130 2789 ,

21 2795 230 2872 ”inrumpere
251 2793 366 2862 nititur,
385 2809 521 2853 maxume
537 2810 659 2872 sperans
678 2792 793 2855 diducta
808 2811 898 2856 manu
913 2794 1040 2858 hostium

57 2885 109 2941 aut
130 2878 157 2939 vi
178 2883 229 2937 ant
256 2874 329 2938 dolis
351 2894 416 2938 sose
437 2893 537 2938 casum
556 2878 695 2940 victoriae
716 2877 912 2940 inventurum.
957 2879 1040 2950 Quod
1052 2893 1084 2946 10

58 2961 109 3024 ubi
123 2977 210 3023 secus
224 2961 366 3039 procedit,
381 2978 478 3039 neque
496 2962 574 3039 quod
587 2962 752 3024 intenderat
767 2962 884 3025 efficere
898 2961 996 3044 potest
1009 2973 1042 3026 ut

55 3047 140 3122 prius
155 3062 244 3125 quam
257 3043 369 3123 legatos
388 3043 556 3106 conveniret
567 3044 740 3107 Adherbalis
756 3048 910 3125 potiretur,
926 3068 963 3110 ne
979 3068 1040 3109 am·

56 3129 134 3209 plius
160 3129 303 3190 morando
330 3128 490 3196 Scaumm,
511 3147 598 3206 quem
620 3130 789 3207 plurumum
812 3132 972 3201 metuebat,
996 3135 1040 3193 in·

21 3215 207 3282 ascenderet,
232 3231 299 3275 cnm
321 3213 422 3292 paucis
443 3211 588 3292 equitibus
609 3212 641 3274 in
663 3216 842 3292 provinciam
864 3218 949 3277 uenit.
998 3217 1038 3278 Ac
1052 3226 1081 3279 lt

56 3299 172 3362 tametsi
186 3298 280 3359 senati
301 3296 398 3358 sorbis
415 3312 519 3373 graves
539 3297 635 3358 minae
655 3298 878 3369 nuntiabantur,
907 3300 985 3377 qnod
1002 3300 1039 3361 ah

56 3381 277 3466 obpugnatione
305 3398 366 3442 nou
387 3381 554 3450 desisteret,
583 3381 674 3444 multa
696 3390 793 3445 tamen
814 3384 947 3444 oratione
969 3401 1039 3444 corr·

55 3475 171 3547 sumpta
193 3464 282 3542 legati
301 3466 410 3526 trustra
431 3463 600 3526 discessere.
