2378 3864
261 182 304 223 nn
324 181 427 224 annno
449 180 648 225 mevenmno
670 181 696 224 c.
718 171 761 226 92.
783 176 826 231 93.
950 148 954 155 ⁴
993 168 1033 230 95

52 351 69 393 a
92 336 199 391 natura
220 327 297 390 velut
318 346 407 408 opere
429 335 516 408 atque
529 331 661 392 consulto
682 347 833 411 praeceps.
878 332 971 404 Quem
991 334 1061 401 lo·e

53 432 122 477 cum
139 413 257 482 Marius,
282 413 359 492 quod
375 412 415 473 ibi
431 414 509 491 regis
524 414 675 476 thensauri
691 422 785 482 erant,
805 432 919 476 summa
936 419 964 476 ri
987 435 1033 478 ca-

51 515 125 577 pere
139 497 272 558 intendit.
306 496 357 557 Set
373 515 407 557 ea
423 513 471 558 res
489 496 565 558 forte
585 515 673 581 quam
688 497 808 559 consilio
824 498 927 560 melius
941 509 1059 577 gestan

53 581 130 644 Nam
146 579 264 641 castello
282 581 414 641 virorum
428 587 515 660 atque
530 599 679 643 armorum
695 583 779 652 satis,
797 599 901 660 magna
916 584 958 644 vis
973 585 1034 646 sru-

29 666 145 726 ementi
162 671 190 725 et
204 663 270 724 lons
285 681 387 742 aquae,
406 664 563 741 aggeribus
577 665 766 744 turribusque
788 663 832 746 [et
849 664 910 726 aliis
925 668 1034 728 machi·

50 745 234 828 nationibus]
257 746 340 808 locus
354 749 543 826 inportunus,
564 749 619 810 iter
639 748 862 810 castellanorum
879 758 1034 826 angustum

51 831 228 901 admodum,
246 833 392 910 utrimque
408 833 583 909 praecisum.
614 832 721 894 Vineae
743 850 810 893 curn
827 835 936 910 ingenti
956 835 1059 912 peri-e

52 916 122 977 culo
144 915 251 975 frustra
267 913 445 992 agebantur:
464 932 531 977 nam
556 934 623 977 cum
642 935 693 979 eae
714 916 801 994 paulo
818 925 1032 995 processerant,

51 1001 115 1078 igni
129 1005 180 1060 aut
193 997 338 1076 lapidibus
354 999 637 1078 conrumpebantur:
652 999 757 1061 milites
768 1018 863 1079 neque
878 1018 932 1078 pro
945 1018 1033 1079 opere

15 1105 42 1149 ro
52 1084 215 1145 consistere
230 1088 353 1160 propter
367 1083 548 1161 iniquitatem
562 1084 628 1155 loci,
650 1102 746 1164 neque
761 1085 837 1146 inter
852 1086 950 1145 vineas
971 1086 1033 1145 sine

50 1165 186 1247 periculo
198 1166 417 1245 administrare:
434 1172 571 1244 optumus
585 1169 708 1247 quisque
719 1167 825 1228 cadero
837 1175 886 1228 aut
900 1169 1031 1238 sauciari,

51 1251 160 1313 ceteris
175 1256 272 1311 metus
286 1251 396 1327 augeri.
439 1250 476 1310 n:
489 1249 597 1312 Marius
610 1249 708 1312 multis
723 1250 825 1311 diebus
840 1257 869 1311 et
883 1249 1033 1312 laboribus
1043 1254 1082 1316 93

52 1335 235 1412 consumptis
250 1335 352 1394 anxius
367 1333 485 1395 trahere
502 1351 569 1394 cum
583 1336 679 1394 animo
696 1351 766 1403 suo,
792 1334 975 1395 omitteretne
989 1336 1032 1394 in-

53 1426 186 1499 ceptum,
205 1418 343 1496 quoniam
356 1417 464 1478 trustra
479 1424 555 1486 eret,
573 1435 610 1476 an
624 1417 771 1478 fortunam
786 1418 961 1495 operiretur,
976 1436 1032 1497 qua

16 1528 43 1568 ιι
52 1520 143 1582 saepe
162 1518 305 1580 prospere
323 1517 395 1572 usus
416 1499 521 1561 iuerat.
564 1501 644 1572 Quae
666 1519 732 1561 cum
751 1499 858 1561 multos
879 1500 941 1561 dies
961 1517 1058 1565 noc-2

51 1587 150 1665 tisque
171 1592 307 1646 aestuans
327 1585 462 1662 agitaret,
491 1584 567 1645 iorte
589 1584 706 1664 quidam
725 1583 828 1662 Ligus,
849 1602 884 1645 ex
907 1584 1033 1645 cohorti·

51 1669 111 1731 bus
132 1667 287 1730 auxiliariis
303 1666 395 1729 miles
416 1669 582 1747 gregarius,
608 1669 708 1728 cestris
735 1676 872 1746 aquatum
897 1684 1033 1745 agressus

51 1753 127 1815 haut
142 1751 247 1831 procul
263 1750 300 1813 ab
321 1751 413 1813 latere
435 1750 558 1821 castelli,
582 1753 660 1830 qnod
675 1770 812 1814 avorsum
825 1751 1034 1830 preebantibus

55 1844 134 1907 erat,
151 1837 280 1898 animum
296 1835 420 1897 advortit
440 1837 516 1897 inter
531 1853 599 1897 saxa
613 1837 742 1915 repentis
756 1835 886 1898 cocleas:
909 1854 1033 1915 quarum

18 1944 44 1986 oo
56 1939 124 1983 cum
142 1937 231 1982 unam
250 1927 337 1998 atque
358 1919 493 1989 alteram,
517 1919 584 1981 dein
604 1920 704 1999 plures
725 1926 852 1998 pateret,
876 1919 970 1982 studio
992 1920 1033 1980 le·

54 2004 147 2082 gundi
162 2003 299 2082 paulatim
311 2021 404 2082 prope
420 2005 456 2064 ad
472 2021 619 2065 summum
634 2006 740 2065 montis
757 2020 891 2081 egressus
907 2010 959 2064 est.
978 2003 1059 2066 Ubi3

54 2095 210 2167 postquam
226 2087 410 2149 solitudinem
425 2086 573 2158 intellexit,
586 2107 669 2150 more
680 2089 778 2165 ingeni
791 2087 911 2147 humani
926 2085 1032 2164 cupido

55 2171 183 2233 difficilia
196 2171 324 2232 faciundi
339 2173 467 2231 animum
481 2172 577 2231 vortit.
608 2172 645 2231 Et
655 2170 730 2232 lorte
743 2173 773 2230 in
786 2189 820 2231 eo
835 2168 900 2231 loco
916 2169 1058 2247 grandisa

53 2254 113 2317 ilex
129 2254 279 2316 coaluerat
292 2256 368 2315 inter
377 2250 581 2332 saxe,paulum
593 2250 681 2311 modo
692 2268 795 2331 prona,
810 2252 916 2313 deinde
927 2251 1033 2314 inllexa

18 2346 142 2419 „atqua
162 2345 245 2400 aucta
262 2340 291 2399 in
307 2337 502 2406 altitudinem,
527 2353 585 2414 quo
607 2342 711 2396 cuncta
730 2336 909 2414 gignentium
929 2342 1033 2398 natura

54 2423 128 2484 lert:
148 2423 230 2484 cuius
245 2424 334 2483 ramis
349 2421 446 2490 modo,
461 2419 549 2480 modo
560 2418 753 2480 eminentibus
764 2421 840 2480 saxis
853 2420 935 2480 nnus
945 2420 1033 2496 Ligus

55 2509 87 2568 in
103 2505 219 2568 castelli
233 2504 385 2583 planitiem
396 2507 547 2585 pervenit,
573 2504 651 2582 quod
666 2504 762 2564 cuncti
773 2502 915 2564 Numidae
930 2504 1032 2563 intenti

53 2587 267 2668 proeliantibus
283 2587 412 2648 aderant.
445 2586 609 2665 Exploratis
627 2585 778 2655 omnibus,
791 2604 866 2665 quae
881 2604 950 2647 mox
964 2588 1058 2652 usuis

53 2674 118 2734 fore
133 2671 269 2742 ducebat,
286 2670 387 2732 eadem
403 2670 578 2747 regreditur,
593 2687 652 2731 non
668 2677 780 2732 temere
794 2670 836 2730 uti
853 2668 1032 2737 escenderat,

19 2782 45 2825 eu
56 2764 101 2818 set
113 2762 259 2834 temptans
277 2756 373 2815 omnia
395 2761 423 2815 et
443 2755 687 2832 circumspiciens.
714 2753 813 2832 ltaque
827 2751 949 2814 Marium
963 2769 1058 2831 pro-e

52 2859 125 2920 perc
140 2838 208 2910 edit,
223 2846 287 2900 acta
298 2838 410 2908 edocet,
421 2839 568 2909 hortatur,
579 2837 615 2898 ab
632 2857 665 2899 ea
680 2844 772 2917 parte,
784 2854 840 2915 qua
854 2838 916 2915 ipse
932 2853 1032 2898 escen·

54 2925 148 2993 derat,
165 2921 315 2984 castellum
327 2928 468 3000 temptet:
482 2921 635 3002 pollicetur
651 2939 714 2982 sese
728 2922 838 2981 itineris
852 2919 1033 3000 periculique

53 3008 170 3069 ducem.
221 3005 329 3066 Marius
350 3023 416 3066 cum
440 3005 548 3083 Ligure
575 3006 718 3084 promissa
744 3006 806 3065 eius
828 3006 976 3082 cognitum
997 3016 1058 3064 exn

53 3090 259 3170 praesentibus
286 3090 377 3149 misit:
407 3107 532 3167 (prorum
557 3091 599 3150 uti
628 3089 768 3168 cuiusque
788 3089 936 3165 ingenium
960 3090 1031 3155 erat,

19 3194 45 3238 se
55 3177 93 3236 ita
115 3193 180 3236 rem
202 3172 348 3234 difficilem
368 3178 418 3232 aut
433 3171 547 3234 facilem
563 3173 749 3233 nuntiauere:
772 3171 898 3233 consulis
920 3170 1032 3228 animus

53 3266 153 3321 tamen
179 3256 299 3338 paulum
324 3255 469 3316 adtectus.
519 3257 621 3334 ltaque
647 3275 682 3316 ex
709 3257 791 3333 eopia
816 3254 977 3316 tubicinum
1004 3257 1058 3313 ets

56 3343 238 3403 cornicinum
255 3357 379 3401 numero
398 3341 526 3419 quinque
543 3357 630 3418 quam
644 3337 850 3401 velocissumos
869 3335 983 3413 delegit,
1004 3343 1033 3394 et

55 3442 123 3487 cum
148 3422 198 3497 eis,
221 3422 366 3504 praesidio
392 3425 441 3503 qui
462 3423 574 3494 forent,
613 3425 705 3464 ***
724 3427 741 3466 *
760 3429 777 3466 *
798 3428 851 3467 **
896 3424 1032 3499 quattuor
