2378 3864
127 150 165 213 10
274 169 509 214 1111111111
532 171 775 216 uourvmrmun
799 166 955 221 (11111.

124 318 256 379 nondum
275 321 444 399 frequentes
460 319 564 380 armati
586 328 796 390 convenerant,
821 338 854 382 ea
878 339 927 382 res
949 323 1105 389 consilium

76 404 112 466 19
125 403 249 464 diremit
263 403 368 464 Postea
389 403 456 464 Piso
477 403 507 464 in
522 403 689 464 citeriorem
705 404 875 481 Hispaniam
892 414 1032 484 quaestor
1048 427 1105 487 pro

122 493 258 566 praetore
275 488 381 548 11111111
402 492 445 547 111
480 486 627 549 adnitente
642 487 761 557 Crasso,
786 489 949 568 quodcum
966 492 1105 556 infestum

95 573 272 633 einimieum
293 571 347 632 Gn.
362 570 502 648 Pompeio
522 578 706 649 cognoverat.
743 572 845 650 Neque
865 580 964 635 tamen
985 584 1106 639 senatus

122 657 301 733 provinciam
315 655 421 714 invitus
443 654 577 717 dederat:
600 656 708 734 quippe
728 655 847 717 foedum
868 657 1018 719 hominem
1035 677 1053 721 a
1069 678 1122 724 rev

121 739 238 817 publica
249 737 353 817 procul
365 754 429 799 osse
442 738 570 800 volebat:
586 739 671 800 simul
683 741 751 818 quia
761 738 832 800 boui
846 740 1003 819 conplures
1018 762 1105 821 prae·

122 824 228 884 sidium
248 825 278 884 in
300 840 335 882 eo
356 822 508 899 putabant,
525 824 705 884 etiamtum
721 826 851 901 potentia
865 824 987 904 Pompei
1001 827 1104 889 formi-

95 906 223 969 adulosa
236 913 308 966 erat.
339 905 390 966 Set
405 908 429 966 is
444 907 511 967 Piso
525 908 556 967 in
569 907 720 983 provincia
737 907 773 967 ah
796 907 941 986 equitibus
955 908 1103 990 Hispanis,

92 1007 194 1069 equos
210 991 272 1050 sine
290 991 420 1050 exercitu
435 990 573 1051 ductabat
593 991 649 1051 iter
667 989 786 1061 iaciens,
809 994 923 1052 occisus
942 1000 1011 1053 est·
1029 996 1104 1056 Sunt

121 1075 170 1152 qui
189 1075 227 1134 ita
250 1074 361 1143 dicant,
374 1074 498 1153 imperia
520 1075 583 1134 eius
604 1075 710 1136 iniusta
729 1075 857 1153 superba
880 1076 1009 1138 crudelia
1032 1078 1133 1140 bar-n

92 1156 207 1217 abares
221 1157 386 1236 nequivisse
400 1160 475 1237 pati,
498 1155 547 1218 alii
565 1164 663 1219 autem
678 1160 790 1238 equites
804 1158 883 1228 illos,
903 1159 958 1220 Gn.
978 1161 1102 1240 Pompei

121 1250 239 1304 veteres
252 1242 385 1320 fidosque
402 1241 524 1312 clientis,
538 1241 685 1304 voluntate
700 1245 762 1305 eius
777 1243 913 1304 Pisonem
927 1244 1100 1321 adgressosz

118 1343 280 1406 numquam
289 1324 433 1403 Hispanos
441 1333 595 1404 praeterea
607 1325 788 1389 talefaeinus
799 1327 912 1396 fecisse,
921 1335 967 1389 set
975 1330 1100 1409 imperia

118 1427 203 1492 saeva
224 1409 314 1472 multa
334 1416 418 1470 antea
435 1408 600 1488 perpessos.
643 1409 704 1472 Nos
721 1428 786 1471 eam
798 1429 864 1471 rem
884 1412 915 1472 in
931 1412 1029 1473 medio
1051 1432 1099 1475 re·

90 1493 292 1573 alinquemus.
335 1494 378 1554 lle
394 1496 549 1572 superiore
570 1495 772 1555 coniuratione
792 1497 860 1555 satis
883 1495 1003 1556 dictum.
1108 1515 1128 1558 u

65 1586 108 1648 20
204 1578 333 1646 Catilina,
348 1577 400 1638 uhi
410 1595 470 1646 eos,
486 1594 560 1656 quos
570 1576 657 1654 paulo
670 1584 737 1639 ante
745 1580 913 1647 memoravi,
927 1580 1100 1642 convenisse

115 1662 208 1731 videt,
226 1662 342 1722 tametsi
363 1677 430 1720 cum
448 1659 571 1736 singulis
590 1660 681 1722 multa
702 1677 790 1738 saepe
811 1668 926 1738 egerat,
949 1669 1049 1724 tamen
1070 1666 1101 1726 in

116 1762 180 1806 rem
204 1745 267 1805 lore
289 1743 413 1804 credens
431 1744 585 1804 univorsos
600 1742 748 1822 adpellare
769 1751 801 1806 et
814 1745 979 1816 cohortari,
1001 1748 1032 1809 in
1048 1747 1100 1808 ab·

117 1829 206 1889 ditam
233 1835 347 1906 partem
374 1826 490 1888 aedium
518 1826 627 1887 secedit
648 1835 735 1907 atque
757 1828 798 1890 ibi
823 1829 960 1891 omnihus
981 1829 1100 1892 arbitris

117 1911 222 1991 procul
238 1913 342 1972 amotis
356 1912 520 1972 orationem
534 1910 656 1973 huiusce
671 1913 750 1973 modi
764 1912 883 1974 hahuit:
1107 1934 1130 1976 11

90 2010 123 2064 1,
201 1995 258 2066 „Ni
271 1997 364 2057 virtus
378 1995 509 2074 fidesque
523 2002 621 2056 vostra
634 2002 763 2074 spectata
778 1995 850 2057 mihi
864 1995 977 2067 forent,
993 2000 1099 2078 nequi·

117 2099 204 2160 quam
219 2087 385 2163 opportuna
399 2098 449 2140 res
463 2079 632 2140 cecidisset:
655 2097 722 2158 spes
741 2096 863 2156 magna,
887 2081 1046 2143 dominatio
1068 2084 1098 2143 in

116 2165 252 2226 manibus
266 2163 376 2225 frustra
393 2162 530 2224 luissent:
544 2180 642 2241 neque
659 2179 714 2240 ego
728 2181 783 2242 per
797 2165 942 2239 ignaviam
957 2173 1007 2226 aut
1023 2184 1099 2227 vana

89 2250 231 2324 diagonia
259 2250 370 2308 ineerta
397 2264 453 2323 pro
476 2247 563 2306 certis
583 2253 742 2325 captarem.
786 2247 837 2309 Set
857 2250 925 2326 quia
947 2249 1047 2310 multis
1068 2257 1097 2310 et

115 2332 228 2407 magnis
249 2327 470 2407 tempestatibus
493 2346 545 2389 vos
561 2333 686 2407 cognovi
707 2331 792 2392 fortis
812 2331 945 2411 fidosque
959 2333 1040 2403 mihi,
1062 2351 1129 2394 eou

115 2415 229 2475 animus
244 2430 334 2474 ausus
344 2419 389 2474 est
402 2430 573 2475 1111111111
589 2422 675 2494 atque
689 2415 911 2495 pulcerrumum
923 2416 1038 2479 lacinus
1052 2420 1098 2479 in·

116 2499 223 2576 cipere,
240 2495 325 2558 simul
336 2497 404 2576 quia
415 2496 498 2558 vobis
513 2499 615 2560 eadem
627 2518 702 2579 quae
712 2499 785 2560 mihi
794 2498 872 2560 bona
884 2499 1018 2580 malaque
1031 2518 1096 2563 esse

87 2580 251 2643 4111111111.
272 2581 346 2642 llam
356 2580 434 2641 idem
445 2580 519 2642 velle
538 2589 625 2661 atque
638 2580 814 2649 idemnolle,
832 2599 866 2641 ea
878 2581 996 2643 demum
1006 2585 1094 2646 firma

116 2666 239 2726 amicitia
256 2671 308 2724 est.
701 2722 703 2726 ,

88 2753 105 2804 o
197 2748 248 2808 Set
268 2765 322 2826 ego
337 2765 413 2826 quae
431 2754 530 2808 mente
544 2749 656 2824 agit-avi,
676 2764 778 2807 omnes
795 2748 853 2806 iam
874 2753 958 2806 antea
985 2747 1131 2814 divorsiao

88 2832 243 2896 oaudistis.
278 2831 415 2892 Ceterum
432 2830 503 2891 mihi
524 2833 555 2891 in
576 2832 638 2892 dies
658 2831 750 2908 magis
773 2830 887 2890 animus
910 2828 1085 2893 adcenditur

115 2933 182 2975 oum
204 2914 373 2984 considero,
390 2933 465 2993 quae
486 2915 613 2976 maditio
627 2916 702 2974 vitae
716 2912 816 2974 futura
830 2914 883 2982 sit,
902 2913 958 2972 nisi
977 2926 1098 2978 nosmet

87 3000 168 3078 lipsi
182 2999 362 3060 vindicamus
378 2999 409 3058 in
430 2997 604 3060 libertatem.
635 2997 710 3060 Nam
727 3003 884 3077 postquam
904 3014 954 3058 res
976 2997 1098 3075 publica

114 3084 144 3143 in
158 3100 322 3162 paucorum
339 3085 503 3162 potentium
518 3085 564 3144 111
578 3090 666 3161 atque
682 3083 826 3143 dicionem
840 3083 999 3151 concessit,
1017 3099 1096 3145 sem-

113 3183 168 3246 per
191 3167 246 3228 illis
266 3184 353 3245 reges
374 3166 539 3227 tetrarchae
561 3166 715 3244 vectigales
733 3183 814 3235 esse,
837 3164 938 3244 populi
959 3167 1130 3234 nationesu

113 3252 255 3328 stipendia
269 3251 415 3329 pendere:
431 3253 521 3312 ceteri
535 3268 636 3312 omnes
657 3251 771 3312 1111111
780 3248 860 3318 boui,
877 3247 991 3310 nobiles
1006 3256 1095 3329 atque

10 3390 17 3399 .
113 3334 268 3410 ignobiles,
290 3333 393 3411 volgus
413 3333 521 3396 luimus
540 3336 603 3396 sine
623 3335 731 3411 gratia,
759 3334 822 3394 sine
842 3335 1028 3401 auctoritate,
1053 3337 1096 3396 eis

113 3416 242 3491 obnoxii,
261 3418 379 3500 quibus,
402 3419 426 3482 si
446 3417 626 3499 respublica
639 3416 758 3487 valeret,
780 3416 934 3478 formidini
951 3435 1097 3487 11111111.
