2378 3864
138 176 178 239 36
253 197 296 237 nn
319 196 491 240 carrorum
515 197 755 242 couruonrrons
779 197 807 241 o.
828 191 871 245 59·
894 188 940 244 60.
961 191 1006 245 61.

137 342 284 415 militaris,
303 345 382 423 quod
396 345 521 423 amplius
535 363 629 407 annos
642 347 761 424 triginta
773 345 910 409 tribunus
925 356 975 410 aut
989 348 1119 429 praefec-

137 435 184 489 tus
206 435 257 489 aut
277 427 391 506 legatus
410 436 461 490 aut
474 436 594 508 praetor
616 447 685 491 cum
706 446 812 507 magna
832 429 925 507 gloria
940 433 971 492 in
993 435 1120 496 exercitu

136 510 241 582 fuerat,
262 512 420 593 plerosque
441 514 520 591 ipsos
540 513 675 592 factaque
697 531 801 575 corum
819 512 906 576 fortia
927 526 1068 578 noverat:
1090 535 1120 580 ea

137 596 386 664 conmemorando
404 596 528 658 militum
548 598 661 658 animos
682 597 873 659 adcendebat

87 681 126 743 60
144 737 148 744 ,
215 680 271 741 'Set
285 679 337 741 ubi
352 679 488 742 omnibus
503 682 593 743 rebus
605 680 761 760 exploratis
771 681 905 743 Petreius
918 680 991 742 tuba
1007 685 1136 761 signums

140 764 202 836 dat,
224 763 353 824 cohortis
373 763 513 842 paulatim
530 765 667 827 incedere
688 764 785 834 iubet,
807 764 886 826 idem
905 764 976 826 facit
995 765 1120 829 hostium

111 848 292 910 rexeroitus.
332 846 491 927 Postquam
510 867 545 911 eo
563 856 681 910 ventum
705 856 763 918 est,
786 848 865 911 unde
887 847 919 929 [a
956 848 1120 912 ferentariis

136 929 428 1009 proeliumconmitti
439 939 547 1010 posset,
555 951 694 994 maxumo
705 933 835 995 clamore
845 932 926 1012 [cum
946 934 1120 1012 infestissig·

111 1014 183 1078 anis
197 1022 389 1076 concurrunt:
403 1014 461 1093 pila
477 1017 623 1084 omittunt,
640 1014 741 1092 gladiis
759 1033 807 1076 res
822 1018 943 1092 geritur.
976 1017 1120 1087 Veterani,

137 1099 278 1183 pristinae
298 1100 412 1159 virtutis
433 1117 596 1169 memores,
619 1101 783 1160 comminus
803 1100 910 1160 acriter
929 1105 1055 1172 instare,
1084 1103 1146 1166 illio

111 1181 210 1246 ahaut
225 1182 317 1243 timidi
330 1183 484 1244 resistunt:
501 1201 638 1246 maxuma
658 1184 685 1243 vi
700 1189 838 1244 certatur.
868 1182 985 1245 Interea
1002 1184 1121 1247 Catilina

139 1284 207 1327 curn
217 1266 578 1347 expeditisinprimaacie
589 1269 709 1337 vorsari,
721 1265 923 1328 laborantibus
934 1285 1120 1348 succurrere,

137 1352 268 1429 integros
288 1369 344 1431 pro
366 1352 472 1412 sauciis
493 1369 661 1429 accersere,
685 1352 781 1412 omnia
802 1350 974 1428 providere,
998 1352 1120 1414 multum

138 1436 201 1515 ipse
221 1451 370 1514 pugnare,
393 1453 480 1512 saepe
498 1435 613 1497 hostem
632 1435 736 1496 ferire:
758 1436 871 1496 strenui
891 1435 990 1496 militis
1008 1445 1037 1497 et
1054 1437 1122 1497 boni

111 1521 329 1598 iimperatoris
344 1521 440 1582 officia
454 1519 540 1580 simul
567 1519 776 1598 exequebatur.
819 1519 952 1580 Petreius
973 1519 1027 1581 ubi
1045 1520 1121 1582 videt
1129 1542 1147 1583 n

139 1600 302 1673 Catilinam,
320 1609 421 1664 contra
434 1621 468 1664 ao
483 1610 565 1664 ratus
575 1613 645 1672 erat,
663 1617 768 1679 magna
783 1604 810 1662 vi
824 1603 956 1673 tendere,
970 1604 1122 1666 cohortem

139 1688 316 1763 praetoriam
330 1687 360 1746 in
371 1687 483 1746 medios
493 1686 585 1746 hostis
595 1685 706 1747 inducit
717 1702 826 1765 eosque
836 1687 1027 1764 perturbatos
1037 1696 1122 1766 atque

140 1767 212 1828 ahos
226 1767 294 1829 alibi
308 1770 469 1830 resistentis
483 1769 630 1836 interficit,
651 1767 756 1830 deinde
769 1771 917 1848 utrimque
934 1789 970 1832 ex
981 1770 1122 1834 lateribus

114 1860 257 1919 coeteros
272 1851 451 1928 adgreditur.
488 1851 611 1914 Manlius
633 1861 662 1916 et
682 1852 863 1914 Faesulanus
880 1855 910 1914 in
928 1856 1035 1932 primis
1048 1871 1122 1934 pug-

113 1942 243 1999 rnantes
264 1935 381 1997 cadunt.
412 1934 531 1997 Catilina
550 1944 705 2015 postquam
725 1936 804 1996 fusas
825 1939 925 2014 copias
943 1955 1035 2016 seque
1057 1956 1150 2001 cuma

139 2021 241 2099 paucis
263 2018 397 2081 rehctnm
416 2019 503 2089 videt,
518 2038 632 2082 memor
651 2021 768 2098 generis
788 2027 876 2099 atque
894 2023 1033 2098 pristinae
1053 2041 1122 2084 suae

140 2104 300 2182 dignitatis,
324 2105 354 2165 in
372 2104 610 2165 confertissumos
622 2103 715 2165 hostis
732 2105 856 2165 incurrit
872 2104 971 2185 ibique
987 2122 1123 2184 pugnans

141 2188 316 2250 confoditur.

90 2276 127 2337 61
224 2271 275 2332 Set
288 2270 422 2331 confecto
432 2269 544 2348 proelio
557 2278 621 2331 tum
634 2288 704 2332 vero
715 2288 863 2342 cerneres,
880 2280 988 2350 quanta
1002 2273 1123 2335 audacia

114 2361 309 2435 2quantaquc
328 2355 417 2415 animi
430 2355 473 2416 ris
486 2353 588 2416 fuisset
601 2357 631 2416 in
646 2356 777 2417 exercitu
792 2354 938 2418 Catilinae.
970 2355 1047 2418 Nam
1062 2357 1150 2420 lorea

128 2456 229 2520 ,quem
251 2439 374 2518 quisque
393 2440 475 2500 viros
493 2439 652 2517 pugnando
665 2439 763 2501 locum
779 2446 911 2520 ceperat,
933 2457 1001 2500 enm
1018 2441 1124 2502 amissa

115 2523 237 2597 3anima
257 2539 383 2600 corpore
396 2522 522 2601 tegebat.
558 2523 649 2586 Pauci
664 2531 777 2593 autem,
801 2540 875 2602 quos
887 2522 1000 2586 medios
1016 2523 1125 2586 cohors

141 2607 288 2685 praetoria
308 2608 474 2676 disiecerat,
493 2607 581 2685 paulo
602 2607 745 2669 div'orsius
763 2610 822 2668 olis
840 2607 913 2667 atico·
932 2613 1059 2682 montes,
1082 2615 1126 2672 set

116 2705 245 2753 somnes
258 2699 356 2753 minen
373 2691 503 2751 advorsis
513 2689 681 2751 volneribus
695 2688 891 2749 conciderant.
916 2687 1036 2749 Catilina
1054 2710 1125 2754 vero

142 2775 230 2852 longe
250 2794 266 2837 a
288 2777 349 2838 suis
365 2776 441 2836 inter
456 2773 583 2834 hostium
597 2773 738 2834 cadavera
751 2779 888 2850 repertus
898 2777 950 2840 est,
970 2770 1152 2848 paululum„

26 2905 29 2911 .
144 2859 230 2920 etiam
246 2861 359 2936 spirans
374 2859 570 2936 ferociamque
586 2857 687 2925 animi,
709 2872 796 2934 quam
811 2853 955 2918 habuerat
974 2856 1071 2927 viros,
1096 2863 1126 2921 in
1179 2926 1182 2933 ¹

119 2942 222 3008 ovoftu
244 2943 384 3002 retinens.
423 2942 576 3003 Postremo
595 2959 631 3003 ex
648 2942 728 3001 omni
749 2940 833 3017 copia
850 2957 948 3020 neque
962 2940 992 3000 in
1009 2944 1125 3017 proelio

119 3040 243 3106 cneque
256 3027 286 3086 in
300 3025 369 3102 fuga
381 3026 534 3105 quisquam
549 3025 618 3086 civis
628 3026 772 3103 ingenuus
787 3031 890 3104 captus
901 3031 959 3087 est:
972 3024 1011 3084 ita
1027 3029 1125 3089 cuncti

121 3125 218 3176 rsuae
233 3109 418 3187 hostiumque
431 3111 506 3171 ritae
522 3112 601 3171 iuxta
615 3116 818 3190 pepercerant
846 3108 948 3189 Neque
962 3115 1064 3172 tumen
1075 3131 1125 3174 ex·

147 3195 256 3258 orcitus
265 3191 495 3272 populillomani
506 3193 612 3256 laetam
620 3201 669 3256 aut
679 3196 863 3255 incruentam
873 3194 1024 3255 victoriam
1035 3194 1153 3275 adep-u

146 3287 195 3341 tus
209 3284 286 3340 erat:
300 3295 368 3339 nam
384 3280 612 3340 strenuissumus
629 3281 751 3358 quisque
765 3286 816 3340 aut
830 3278 977 3340 occiderat
992 3279 1022 3338 in
1036 3296 1124 3356 proe-
1178 3305 1180 3360 ς

121 3361 200 3434 8lio,
224 3370 273 3424 aut
287 3364 412 3440 graviter
431 3361 599 3423 volneratus
621 3363 802 3424 discesserat
843 3361 925 3423 ldulti
945 3370 1052 3433 autem,
1075 3364 1124 3443 qui
1179 3366 1181 3384 ³

149 3466 166 3512 c
180 3450 282 3509 castris
296 3447 408 3510 visundi
422 3452 472 3509 aut
487 3445 629 3526 spoliandi
639 3449 732 3526 gratia
745 3455 963 3526 processerant,
977 3445 1125 3510 volventes
