2378 3864
165 149 205 212 84
340 167 383 207 on
402 165 505 209 nunno
525 165 729 209 rrsvnrnnro
751 166 780 210 u.
804 157 848 214 77.
864 158 910 213 78.
931 158 977 214 79.

166 323 260 378 semet
280 316 341 393 igni
363 321 570 391 corrumpunt,
595 322 625 375 et
644 333 717 394 quas
738 316 806 376 victi
824 314 861 376 ah
883 315 1020 379 hostibus
1041 335 1140 398 poenu

168 406 342 469 metuerant,
366 415 416 460 eas
437 399 491 475 ipsi
513 396 643 459 volentes
723 399 841 461 endere

118 483 157 542 77
254 483 305 546 Set
326 484 436 562 pariter
458 499 526 542 cum
547 489 632 560 capta
717 483 745 543 la
771 482 860 560 legati
881 503 917 546 ex
938 486 1049 567 oppido
1069 486 1143 566 liqui

168 571 206 631 ad
223 565 373 630 Metellum
385 572 535 635 venerant,
556 573 684 637 orantes,
700 568 742 627 uti
760 567 938 645 praesidium
954 569 1142 647 praelectum

169 672 227 732 que
242 671 278 714 eo
292 653 432 712 mitteret:
448 648 643 712 Hamilcarem
667 652 828 731 quendam,
845 651 996 713 hominem
1022 653 1156 718 nohdunr

170 737 339 804 factiosum,
361 734 443 793 novis
464 732 555 796 rebus
569 735 698 802 studere,
720 736 877 797 advorsum
893 752 983 815 quem
996 737 1144 817 nequelm

167 821 251 899 peria
272 820 494 896 magistratuum
516 836 612 897 neque
625 818 707 896 leges
721 820 866 881 valerent:
888 822 919 880 ni
939 820 971 880 id
991 819 1144 891 festinaret,

145 908 201 970 rin
215 921 330 965 summo
344 900 478 981 periculo
490 919 573 963 suam
587 902 724 972 salutem,
740 904 858 965 illorum
875 905 971 965 socios
981 904 1058 966 lore.
1080 906 1146 968 Nan

171 989 315 1067 Leptitani
329 988 388 1047 iam
402 985 504 1047 indea
518 987 662 1066 principio
678 986 748 1049 belli
762 987 956 1069 [Iugurthini]
971 989 1010 1049 ad
1026 989 1145 1051 neniam

172 1070 324 1132 consulem
338 1077 367 1131 et
379 1076 482 1148 postea
500 1069 625 1132 Romam
645 1073 786 1133 miserant
800 1074 955 1133 amicitiam
968 1074 1168 1139 societatem-o

145 1173 230 1234 sque
244 1164 389 1233 rogatum.
418 1154 544 1223 hunde,
567 1156 619 1216 ubi
634 1175 669 1217 ea
683 1157 842 1234 inpetrata,
864 1174 982 1235 semper
996 1156 1071 1218 honi
1082 1157 1146 1219 lide

171 1240 272 1318 lesque
292 1257 427 1300 mansere
446 1246 475 1300 et
495 1249 599 1301 munta
620 1257 637 1299 a
659 1240 770 1311 Bestia,
793 1239 898 1301 Albino
917 1239 1147 1321 lletelloquein·

171 1331 273 1403 perata
299 1342 373 1386 nave
396 1324 536 1386 fecerant
582 1325 684 1404 ltaque
701 1324 738 1386 ah
759 1325 939 1406 imperatore
963 1324 1053 1386 facile
1078 1344 1146 1406 qnae

171 1408 310 1486 petebant
330 1409 436 1488 adepti.
479 1408 610 1471 Emissae
631 1427 667 1469 eo
690 1409 827 1470 cohortes
848 1410 991 1487 Ligurum
1013 1417 1145 1488 quattuor

172 1501 201 1554 et
216 1493 250 1554 G.
267 1494 379 1555 Annius
391 1494 565 1570 praelectum.
1152 1517 1169 1558 o

120 1585 161 1651 ’18
256 1578 289 1639 ld
304 1579 444 1657 oppidum
458 1577 496 1638 ah
514 1578 639 1640 Sidoniis
654 1579 803 1640 eonditum
818 1587 876 1647 est,
899 1595 974 1656 qnos
986 1595 1147 1658 accep-ss

172 1662 315 1739 profugos
335 1662 373 1722 oh
393 1661 553 1722 discordias
574 1662 664 1724 civilis
678 1663 802 1725 navibus
816 1664 846 1722 in
865 1678 916 1722 eos
930 1660 1014 1722 locos
1027 1662 1145 1730 vennae,

173 1752 304 1806 ceterum
318 1747 405 1805 situm
423 1746 499 1806 inter
520 1745 592 1807 duas
608 1747 709 1827 Syrtis,
731 1748 838 1827 quihus
858 1762 968 1806 nomen
991 1763 1030 1806 ex
1055 1765 1090 1808 re
1108 1748 1146 1807 in·

145 1829 273 1902 2ditum.
297 1828 372 1889 Nem
385 1829 443 1889 duo
459 1836 529 1889 sunt
547 1831 628 1891 sinus
643 1848 737 1910 prope
755 1833 784 1892 in
800 1837 931 1892 extrema
946 1829 1056 1899 Adice,
1070 1833 1146 1909 ‘npu-

173 1930 221 1972 res
231 1913 439 1990 magnitudine,
450 1915 515 1990 pari
525 1921 646 1975 natura:
663 1933 789 1994 quorum
800 1930 944 1993 proxuma
954 1920 1166 1993 terraepner

173 1996 230 2057 alta
252 2005 329 2067 snnt,
352 2001 460 2066 cetera,
482 1999 525 2058 nti
538 1997 600 2058 lors
617 1998 692 2068 tulit,
707 1999 764 2059 ulta
781 1999 845 2066 alia,
863 1997 918 2058 alia
934 1998 963 2057 in
980 2003 1147 2077 tempestate

146 2081 288 2150 aradosa.
307 2081 380 2141 Nam
391 2080 533 2143 uhimare
545 2099 684 2160 magnum
699 2101 764 2145 esse
773 2094 804 2145 et
817 2083 930 2144 saevire
944 2082 1145 2162 venfficoepit,

171 2165 274 2226 limum
295 2165 496 2243 harenamque
523 2173 552 2227 et
575 2185 645 2230 saxa
671 2169 798 2246 ingentia
824 2167 932 2228 fluctus
950 2165 1091 2228 trahunt:
1113 2167 1146 2227 ita

173 2249 261 2310 iacies
274 2249 409 2312 locorum
423 2268 491 2311 cnm
504 2253 598 2312 ventis
611 2252 698 2314 simul
707 2260 850 2315 mutatur.
887 2250 989 2330 Syrtes
1005 2249 1045 2311 ab
1060 2257 1147 2312 uado

145 2336 347 2404 unominstae.
386 2335 457 2396 Eius
488 2336 609 2397 civitatis
629 2336 727 2416 lingna
750 2336 839 2398 modo
860 2351 1003 2396 convorsa
1025 2335 1168 2398 conuhios

172 2415 377 2489 Numidarum,
398 2419 498 2496 legum
518 2419 672 2500 cultusque
689 2420 830 2501 pleraque
845 2418 999 2487 Sidonica,
1021 2437 1101 2498 quae
1117 2436 1148 2480 oo

171 2502 284 2566 facilius
302 2503 483 2573 retinebant,
508 2504 586 2583 quod
608 2505 713 2584 procul
734 2504 771 2566 ah
779 2504 905 2582 imperio
925 2502 1007 2576 regis
1029 2510 1149 2565 aetatem

170 2588 306 2729 {agebant
334 2589 414 2650 Inter
430 2586 495 2649 illos
509 2595 538 2650 et
552 2589 735 2668 frequentem
749 2585 913 2650 Numidiam
927 2583 1013 2645 multi
1023 2588 1149 2668 vastique

183 2675 228 2733 oei
250 2682 342 2743 erant,

120 2767 161 2828 '19
255 2757 306 2818 Set
320 2759 458 2837 quoniam
472 2758 502 2818 in
517 2774 567 2818 eas
579 2756 716 2832 regiones
729 2772 784 2833 per
799 2754 1020 2832 Leptitanorum
1036 2756 1170 2836 negatis

171 2840 319 2911 venimus,
338 2860 398 2902 non
420 2841 572 2919 indignum
593 2839 708 2900 videtur
729 2839 882 2917 egregium
901 2844 990 2918 utque
1006 2856 1150 2903 memora·

172 2921 229 2983 bile
246 2922 359 2985 facinus
373 2925 500 2987 duorum
514 2924 795 3002 Carthaginiensium
809 2940 992 2984 memorare:
1008 2941 1077 2986 carn
1091 2942 1150 2988 ru

144 3005 254 3088 2[nos]
268 3006 352 3069 locus
366 3009 524 3071 adrnonnit.
553 3011 616 3082 Qua
632 3015 806 3088 tempestate
820 3007 1080 3086 Carthaginienses
1092 3009 1150 3088 ple-

171 3110 263 3171 raque
277 3091 375 3153 Africa
382 3093 598 3172 imperitabant,
614 3092 797 3156 Curenenses
812 3109 929 3173 quoqne
947 3093 1048 3169 magni
1066 3101 1150 3174 atque

144 3176 301 3254 populenti
328 3175 421 3238 luere.
468 3180 547 3257 Ager
574 3181 606 3240 in
627 3178 724 3240 medio
747 3178 929 3245 harenosus,
956 3192 1016 3236 una
1037 3180 1171 3256 qseeiets

171 3277 268 3341 neque
288 3260 398 3321 humen
419 3276 516 3339 neque
535 3279 622 3323 mons
642 3271 720 3333 erat,
747 3263 797 3342 qui
815 3262 883 3322 tlnis
911 3277 1015 3321 eoram
1039 3262 1150 3325 heer-

171 3352 264 3407 neret.
282 3347 422 3421 Quaeres
443 3347 653 3424 cosinmagno
665 3347 861 3425 diuturnoque
872 3343 950 3406 hello
963 3345 1040 3405 inter
1054 3363 1088 3408 se
1101 3346 1150 3407 lra-

146 3427 242 3491 abuit
264 3429 422 3510 Postquam
436 3430 584 3507 utrimque
594 3429 741 3507 legiones,
757 3432 827 3492 item
844 3428 951 3491 classes
967 3444 1057 3510 saepe
1071 3431 1150 3493 lusae

172 3509 357 3592 hugataeque,
380 3520 410 3574 et
427 3511 512 3574 alteri
530 3511 637 3574 alteros
656 3513 836 3595 aliquantum
857 3513 1045 3585 adu-iverant,
1068 3514 1148 3578 veriti
