2378 3864
210 156 213 161 ’
237 187 279 228 nn
301 184 475 229 certamen
499 183 740 227 courvnarxoun
762 183 788 226 o.
806 175 833 230 8.
856 178 881 232 9.
902 179 944 230 10.
1055 171 1075 225 5

94 336 185 396 stium
208 336 307 414 copias
328 332 455 413 populus
475 331 625 394 Romanus
643 350 732 411 parra
753 351 841 394 manu
858 333 979 405 fuderit,
1004 352 1076 415 quas

96 417 180 480 urbis
195 425 300 480 natura
318 419 444 478 munitas
465 417 624 496 pugnando
646 420 764 497 ceperit,
787 420 818 478 ni
839 436 873 480 ea
891 435 940 479 res
958 418 1074 496 longius

95 519 152 562 nos
173 501 210 564 ah
226 503 343 580 incepto
366 500 505 562 traheret.

182 586 233 647 Set
253 584 387 666 profecto
409 584 525 646 fortuna
549 585 680 646 inomni
706 604 739 648 re
764 587 944 648 dominatur:
973 605 1007 647 ea
1027 589 1105 652 res8

74 680 223 732 ocunctas
237 689 272 731 ex
289 668 419 731 lubidine
436 669 528 745 magis
544 687 631 747 quam
647 688 683 731 ex
697 688 767 732 vero
782 669 911 732 celebrat
926 669 1077 731 ohscurat-

97 772 165 831 que.
181 753 400 814 Atheniensium
414 770 463 814 res
478 759 590 829 gestae,
608 755 683 814 sieut
698 770 752 832 ego
767 760 913 824 aestumo,
930 755 999 816 satis
1014 771 1101 818 ame

96 836 163 915 plac
186 836 415 916 magnificaeque
431 837 524 906 luere,
547 855 651 898 rerum
668 837 815 918 aliquanto
833 840 963 900 minores
980 844 1077 898 tamen

97 939 186 1000 quam
206 920 283 982 fama
306 921 449 982 teruntur.
493 920 544 982 Set
565 922 631 1000 quia
653 939 816 999 provenere
836 922 878 984 ihi
898 923 1101 1001 scriptorum3

96 1023 204 1084 magna
226 1006 360 1082 ingenia,
388 1022 442 1083 per
463 1011 613 1066 terrarum
636 1004 739 1066 orbem
760 1006 981 1067 Atheniensium
1001 1005 1076 1067 iacta

62 1112 87 1152 to
95 1107 152 1170 pro
175 1090 317 1151 maxumis
339 1087 535 1151 celebrantur.
579 1090 621 1150 lta
643 1106 746 1151 eorum
783 1091 833 1169 qui
849 1090 946 1152 iecere
983 1091 1100 1152 virtns4

97 1181 177 1234 tanta
192 1172 332 1243 hahetur,
353 1180 494 1252 quantum
508 1191 573 1233 eam
587 1172 684 1234 verbis
699 1181 823 1251 potuere
838 1172 977 1235 extollere
991 1191 1077 1254 prae·

98 1257 178 1318 clara
194 1258 319 1334 ingenia.
350 1258 387 1317 tt
400 1256 509 1337 populo
526 1255 659 1318 Romano
674 1274 835 1336 numquam
857 1276 891 1319 ea
912 1259 995 1336 copia
1012 1257 1104 1327 tuiti>

98 1343 166 1420 quia
181 1340 435 1421 prudentissumus
450 1342 573 1420 quisque
590 1359 727 1402 maxume
744 1342 913 1418 negotiosus
934 1349 1012 1411 erat,
1033 1343 1077 1401 in-

98 1426 219 1501 genium
232 1441 320 1485 nemo
335 1426 397 1485 sine
411 1442 536 1503 corpore
555 1423 724 1494 exercebat,
744 1430 880 1502 optumus
896 1426 1019 1505 quisque
1035 1424 1077 1485 ia·

63 1527 88 1568 xo
99 1526 168 1569 cere
185 1525 272 1587 quam
289 1508 396 1577 dicere,
413 1526 465 1569 sua
479 1506 515 1568 ah
533 1507 682 1569 aliisbene
697 1507 772 1569 iacta
789 1507 902 1570 laudari
914 1526 999 1587 quam
1015 1509 1077 1586 ipse

98 1591 225 1652 aliorum
239 1609 363 1652 narrare
380 1591 514 1653 malebat.

183 1675 274 1751 Igitur
289 1674 368 1735 domi
389 1674 565 1756 militiaeque
585 1675 656 1737 honi
678 1693 777 1737 mores
798 1674 985 1749 colebantur,
1009 1673 1110 1735 con—9

99 1759 198 1820 cordia
215 1776 362 1826 maxuma,
382 1760 510 1820 minuma
527 1761 645 1822 avaritia
661 1767 739 1822 erat:
755 1761 800 1821 ius
815 1758 985 1838 bonumque
1001 1758 1077 1837 apud

100 1861 150 1904 eos
166 1859 228 1903 non
242 1840 357 1919 legibus
374 1845 465 1920 magis
482 1862 570 1922 quam
587 1851 692 1906 natura
706 1842 829 1904 valebat.
852 1843 949 1920 Iurgia
967 1843 1103 1904 discor-2

67 1947 91 1988 ro
102 1927 163 1987 dias
178 1926 338 1987 simultates
355 1944 422 1988 cum
436 1926 570 1989 hostibus
582 1927 773 1997 exercebant,
792 1927 868 1988 cives
883 1944 951 1988 cum
968 1926 1079 1988 civibus

98 2011 135 2072 de
156 2012 263 2071 virtute
278 2009 442 2071 certabant:
461 2011 491 2070 in
510 2010 658 2093 suhpliciis
676 2011 800 2072 deorum
822 2011 977 2089 magnifici,
999 2011 1078 2071 domi

97 2096 189 2174 parci,
208 2094 239 2154 in
260 2095 368 2155 amicos
382 2093 482 2155 fideles
498 2103 591 2156 erant.
613 2093 733 2157 Duabus
748 2094 794 2154 his
811 2094 932 2163 artibus,
955 2094 1102 2154 audacias

97 2179 128 2238 in
144 2176 232 2247 hello,
250 2176 301 2238 ubi
314 2194 371 2255 pax
385 2187 520 2239 evenerat
532 2181 684 2259 aequitate,
697 2195 787 2257 seque
798 2194 920 2256 remque
930 2176 1090 2255 publicam·

99 2259 252 2322 curabant.
273 2260 405 2332 Quarum
415 2279 516 2324 rerum
532 2280 587 2340 ego
602 2280 737 2324 maxuma
749 2263 922 2322 documenta
938 2261 1011 2321 haec
1025 2261 1103 2329 has

62 2368 87 2409 n
98 2345 170 2412 heo,
191 2342 270 2421 quod
287 2345 317 2403 in
328 2341 406 2404 hello
422 2347 536 2422 saepius
546 2347 721 2407 vindicatum
733 2354 776 2406 est
789 2345 819 2405 in
833 2362 897 2415 eos,
915 2346 964 2424 qui
976 2351 1078 2405 contra

96 2430 255 2507 imperium
283 2431 315 2489 in
336 2430 451 2492 hostem
473 2437 675 2509 pugnaverant
690 2429 797 2506 quique
817 2428 928 2488 tardius
950 2430 1078 2511 revocati

98 2510 212 2590 proelio
235 2515 435 2579 excesserant,
458 2528 545 2589 quam
568 2511 617 2590 qui
637 2511 720 2586 signa
742 2509 910 2588 relinquere
931 2517 981 2570 aut
999 2508 1077 2588 pulsi

98 2595 164 2655 loco
184 2594 289 2655 cedere
305 2595 367 2655 ausi
382 2601 479 2664 erant,
502 2595 532 2654 in
547 2612 620 2674 paee
634 2611 719 2662 vero,
736 2592 814 2671 quod
828 2592 969 2653 benificiis
984 2594 1101 2669 magis5

100 2696 189 2756 quam
205 2685 285 2739 metu
295 2681 454 2759 imperium
463 2677 611 2756 agitabant
626 2683 654 2739 et
669 2684 787 2757 accepta
805 2677 908 2738 iniuria
924 2677 1077 2754 ignoscere

65 2784 90 2825 so
101 2781 188 2840 quam
210 2763 348 2841 persequi
367 2762 523 2825 malebant.

185 2847 235 2908 Set
248 2846 300 2907 uhi
320 2845 422 2909 labore
443 2854 530 2926 atque
546 2849 651 2910 iustitia
669 2846 850 2926 respublica
867 2846 966 2916 crevit,
990 2862 1077 2923 reges
1089 2851 1127 2912 10

100 2932 199 3008 magni
213 2928 290 2991 hollo
302 2930 411 3002 domiti,
428 2933 560 2992 nationes
572 2932 652 3009 ferae
667 2940 695 2994 et
708 2930 808 3012 populi
819 2932 951 3008 ingentes
965 2931 992 2990 vi
1006 2929 1076 2990 sub·

100 3016 172 3084 aeti,
196 3013 357 3091 Carthago,
383 3015 496 3076 aemula
511 3018 618 3096 imperi
631 3016 768 3084 Romani,
790 3014 826 3076 ah
846 3015 936 3094 stirpe
957 3015 1074 3082 interiit,

101 3105 205 3159 cuncta
216 3099 308 3159 maria
322 3104 477 3178 terraeque
487 3099 639 3179 patebant:
656 3100 767 3161 saevire
779 3098 895 3159 lortuna
906 3116 940 3158 ao
952 3097 1077 3158 miseere

64 3203 89 3245 ss
101 3183 198 3242 omnia
214 3183 318 3260 coepit.
353 3182 409 3254 Qui
426 3182 544 3245 labores
558 3183 702 3263 pericula,
726 3182 828 3244 dubias
850 3188 937 3260 atque
956 3195 1102 3257 asperas2

99 3284 149 3326 res
161 3264 244 3326 facile
258 3265 462 3336 toleraverant,
475 3269 516 3328 eis
527 3271 617 3329 otium
629 3267 751 3337 divitiae,
764 3265 889 3345 optanda
901 3262 979 3332 alias,
994 3265 1078 3323 oneri

99 3350 293 3428 miseriaeque
314 3347 407 3411 fuere.
447 3350 538 3428 Igitur
559 3351 654 3430 primo
676 3351 831 3430 pecuniae,
850 3346 955 3408 deinde
970 3346 1101 3424 imperia

102 3433 208 3512 cupido
230 3435 339 3495 crevit:
362 3450 396 3494 ea
417 3436 499 3514 quasi
520 3434 657 3498 materies
674 3435 802 3495 omnium
817 3431 962 3493 malorum
983 3430 1075 3492 luere.
