2378 3864
129 191 166 252 16
242 209 285 248 me
308 206 480 250 aestumare
504 204 744 249 conmeantum
768 205 797 250 ο.
818 199 862 252 31.
885 199 928 254 ³2.
952 200 996 254 ³3·

125 356 186 418 lum
201 356 335 424 tendere,
359 357 491 418 miserari
505 371 611 433 parvos
631 353 756 423 liberos,
779 357 922 432 rogitare,
943 375 1042 419 omma
1056 375 1107 436 pa·

125 458 203 509 vere,
218 440 356 518 superbia
371 448 457 518 atque
469 438 578 501 deliciis
589 439 703 499 omissis
714 437 770 498 sibi
780 441 950 519 patriaeque
962 441 1106 504 diffidere.

99 534 115 580 4
208 526 245 584 nt
264 523 400 584 Catilinae
419 522 545 585 crudelis
568 524 681 584 animus
704 523 806 583 eadem
828 522 875 584 illa
897 523 1044 594 movebat,
1065 534 1107 588 ta·

126 610 209 674 rnetsi
222 606 365 685 praesidia
377 605 556 686 parabantur
582 614 611 668 et
625 607 688 684 ipse
702 605 768 683 lege
782 604 893 667 Plautia
909 608 1107 686 iuterrogatus

98 700 188 752 uerat
202 690 239 753 ab
256 691 288 751 L.
303 689 403 750 Paulo.
425 691 577 751 Postremo
596 688 793 750 dissimulandi
817 708 904 752 causa
928 690 974 752 vel
991 693 1039 753 sui
1058 712 1125 755 exo

124 775 281 852 purgandi,
302 773 395 834 sicubi
409 775 505 852 iurgio
520 772 674 834 lacessitus
691 773 782 843 foret,
810 775 841 833 in
860 783 995 835 senatum
1017 778 1104 837 venit

99 858 201 921 tt'l'um
215 857 253 918 ll.
275 856 388 917 Tullius
410 856 527 927 consul,
549 857 609 916 sive
623 858 818 933 praesentiam
834 859 896 918 eius
919 859 1027 918 timens
1047 860 1106 920 sive

126 943 170 1001 ira
184 947 352 1010 conmotus,
368 941 531 1002 orationem
541 939 643 1000 habuit
657 938 836 1001 luculentam
847 947 935 1019 atque
946 939 1049 1003 utilem
1063 944 1106 1004 rei

99 1023 275 1101 tpublioae,
292 1041 379 1101 quam
396 1033 498 1102 postea
512 1025 651 1102 scriptam
666 1023 762 1084 edidit.
793 1024 844 1085 Set
856 1023 907 1085 ubi
918 1024 967 1086 ille
983 1025 1104 1095 adsedit,

125 1107 259 1177 Catilina,
282 1113 315 1167 ut
336 1114 398 1168 erat
419 1114 539 1184 paratus
560 1108 597 1167 ad
618 1107 824 1168 dissimulanda
847 1109 958 1178 omnia,
977 1109 1104 1170 demisso
1112 1124 1132 1166 u

123 1191 202 1252 voltu
219 1208 291 1251 voce
313 1190 438 1269 subplici
449 1189 598 1270 postulare
613 1208 629 1252 a
643 1191 776 1268 patribus
791 1193 900 1269 coepit,
923 1209 962 1252 ne
984 1193 1055 1270 quid
1070 1193 1106 1254 de

124 1293 156 1335 se
172 1284 283 1336 temere
299 1274 468 1336 crederent:
482 1293 517 1336 ea
528 1274 635 1335 familia
650 1281 763 1344 ortum,
780 1276 819 1335 ita
834 1293 866 1336 se
881 1273 917 1335 ab
934 1275 1104 1338 adulescen-

124 1359 162 1418 tia
175 1360 263 1420 vitam
277 1359 450 1429 instituisse,
469 1367 502 1420 ut
517 1360 615 1419 omnia
628 1357 708 1419 bona
718 1359 749 1418 iu
765 1375 818 1436 spe
836 1357 974 1420 haberet:
991 1377 1031 1421 ne
1046 1362 1104 1422 exi·

123 1448 294 1510 stumarent,
308 1441 372 1512 sibi,
388 1444 511 1521 patricio
523 1442 643 1510 homini,
661 1443 743 1503 cuius
753 1443 844 1519 ipsius
858 1449 946 1520 atque
957 1444 1104 1505 maiorum

122 1525 259 1603 pluruma
277 1525 410 1587 benificia
422 1528 453 1586 in
466 1524 610 1604 populum
623 1525 787 1586 Romanum
803 1532 915 1595 essent,
938 1527 1056 1604 perdita
1071 1546 1103 1588 re
1112 1544 1130 1584 n

122 1609 240 1686 publica
250 1627 325 1687 opus
340 1627 419 1678 esse,
438 1626 505 1670 cum
521 1626 586 1670 eam
602 1615 732 1669 servaret
745 1607 783 1668 M.
800 1607 928 1680 Tullios,
945 1611 1104 1688 inquilinus

96 1695 195 1752 acinis
215 1689 299 1751 urbis
313 1691 432 1750 Rornae.
477 1690 520 1749 ld
542 1688 598 1749 boc
612 1689 689 1750 male
704 1690 781 1750 dicta
804 1688 860 1749 alia
881 1708 949 1752 cum
974 1693 1103 1764 adderet,

95 1771 295 1849 tobstrepere
307 1789 417 1839 omnes,
429 1772 543 1833 hostem
557 1781 644 1851 atque
654 1773 815 1850 paricidam
829 1791 943 1835 vocare.
967 1775 1045 1837 'lum
1058 1775 1104 1839 ille

122 1853 298 1937 furibundus
315 1857 462 1933 ‘quoniam
473 1855 590 1934 quidem
605 1856 829 1918 circumventus’
840 1858 934 1937 inquit
946 1859 992 1920 ‘ab
1010 1862 1104 1923 inimi·

122 1954 164 1998 crs
178 1955 320 2015 praeceps
335 1955 420 2016 agor,
438 1939 603 2000 incendium
621 1958 719 2000 meum
734 1941 818 2000 ruina
835 1942 1034 2019 restinguam'.
1111 1964 1132 2004 n

72 2017 111 2078 32
205 2021 316 2082 Deinde
336 2040 368 2082 se
387 2041 423 2083 ex
444 2024 525 2083 curia
541 2023 661 2083 domum
682 2024 835 2100 proripuit.
875 2025 920 2087 lbi
934 2026 1027 2088 multa
1042 2029 1104 2107 ipse

120 2125 222 2167 secum
236 2105 369 2175 volvens,
393 2106 472 2184 quod
488 2123 584 2183 neque
601 2106 721 2167 insidiae
742 2107 855 2168 consuli
873 2106 938 2143 *⁴¹*
961 2112 1102 2188 procede·

120 2189 191 2249 bant
207 2197 236 2250 et
250 2189 286 2250 ab
301 2189 435 2250 incendio
449 2187 634 2264 intellegebat
647 2188 753 2250 urbem
768 2190 870 2268 vigiliis
885 2195 1035 2264 munitam,
1052 2213 1103 2274 op·

120 2280 234 2333 turnum
252 2273 331 2333 factu
352 2271 475 2334 credens
497 2272 657 2333 exercitum
678 2291 787 2352 augere
809 2292 843 2336 ac
864 2277 946 2355 prius
958 2295 1047 2356 mam
1060 2279 1102 2341 le·

117 2355 222 2432 gioucs
234 2353 443 2426 scriberentur,
455 2353 548 2416 multa
560 2360 735 2434 antecapere
743 2373 819 2433 quae
831 2358 909 2419 bollo
919 2363 986 2420 usui
996 2362 1136 2433 torento

116 2444 204 2498 nocte
215 2437 391 2516 intempesta
403 2458 469 2501 oum
479 2440 582 2519 paucis
592 2438 775 2503 lullanliana
788 2450 883 2504 castra
891 2444 1107 2522 proiectusest.

91 2521 169 2582 eset
181 2521 309 2600 Cethego
330 2530 420 2599 atque
435 2523 559 2585 Lentulo
583 2525 765 2602 ceterisque,
785 2544 911 2603 quorum
928 2538 1109 2605 cognoverat

74 2677 77 2681 ,
121 2618 288 2688 promptam
309 2607 474 2678 audaciam,
496 2609 627 2678 mandat,
651 2610 756 2687 quibus
773 2609 864 2671 rebus
882 2611 1007 2689 possint,
1032 2632 1117 2693 opes,

122 2693 254 2752 factionis
274 2693 455 2762 confirment,
478 2693 595 2752 insidias
611 2692 721 2752 consuli
742 2700 896 2762 maturent,
921 2694 1041 2756 caedem
1058 2701 1104 2759 in-

123 2775 224 2835 cendia
246 2774 358 2854 aliaque
378 2774 447 2836 belli
465 2776 592 2836 facinora
613 2783 731 2853 parent:
753 2793 818 2836 sese
837 2776 1010 2854 propediem
1033 2798 1133 2844 cums

119 2875 226 2935 magno
249 2861 380 2919 exercitu
402 2859 439 2918 ad
458 2858 562 2919 urbem
585 2859 781 2920 adcessurum.

70 2945 109 3008 33
204 2941 278 3002 Dum
292 2941 366 3002 haec
380 2942 489 3003 Rornae
504 2951 660 3019 geruntur,
676 2942 710 3004 G.
721 2942 844 3004 Manlius
859 2962 895 3006 ex
907 2961 960 3005 suo
976 2963 1103 3010 numero

120 3024 229 3102 legatos
250 3025 287 3085 ad
311 3025 452 3086 Marcium
470 3026 581 3104 Regem
604 3027 690 3087 mittit
716 3045 784 3088 cum
807 3028 949 3090 mandatis
978 3029 1103 3097 huiusce

94 3109 213 3171 emodi·
230 3107 316 3169 ‘Deos
331 3108 522 3188 hominesque
540 3117 694 3179 testamur,
710 3114 880 3191 imperator,
889 3130 943 3171 nos
953 3131 1035 3175 arma
1049 3135 1101 3179 ne·

122 3210 178 3270 que
201 3199 303 3254 contra
322 3193 445 3271 patriam
463 3195 572 3271 cepisse
611 3211 707 3272 neque
726 3212 785 3273 quo
800 3194 964 3274 periculum
980 3197 1043 3259 aliis
1058 3200 1132 3261 ia-ot

121 3293 268 3346 caremus,
291 3283 336 3338 set
349 3276 392 3336 uti
405 3294 529 3352 corpora
544 3284 643 3336 nostra
661 3277 697 3338 ab
714 3279 820 3341 iniuria
834 3285 896 3339 tuta
916 3279 1023 3354 forent,
1039 3285 1099 3362 qui,

120 3360 219 3420 miseri
234 3368 367 3438 egentes,
383 3358 517 3420 violentia
534 3368 619 3438 atque
639 3362 809 3423 crudelitate
824 3361 1022 3427 feneratorum
1038 3367 1100 3445 ple-

120 3443 204 3520 rique
212 3445 335 3523 patriae,
342 3452 386 3505 set
400 3460 502 3504 omnes
512 3444 588 3504 lama
598 3451 685 3524 atque
696 3444 820 3507 fortunis
832 3455 967 3527 expertes
981 3467 1100 3514 sumus:
