2378 3864
152 154 192 217 76
365 174 408 215 nn
430 173 533 214 annno
556 172 735 217 rvnvnmso
760 172 789 216 c.
810 164 853 218 62.
876 164 921 218 dd

100 321 141 384 62
151 331 205 392 ret,
222 323 285 400 ipse
306 339 359 400 per
374 320 554 381 conditiones
572 319 610 380 ad
625 318 801 398 subplicium
816 321 993 383 traderetur.
1024 323 1064 395 ls,
1086 327 1135 387 ubi

151 409 487 484 primumopportunum
499 402 741 479 luitlugurtbam
760 406 878 465 anxium
896 423 931 466 ac
944 407 1135 471 miserantem

151 491 285 552 fortunas
306 507 374 552 suas
394 487 524 551 adcedit:
549 495 650 548 monet
674 497 761 567 atque
782 487 949 550 lacrumans
970 489 1135 555 obtestatur

151 576 193 639 uti
215 573 370 652 aliquando
390 570 447 633 sibi
463 570 623 649 liberisque
644 581 674 632 et
689 572 768 649 genti
787 571 992 643 Numidarum,
1015 584 1135 654 optume

150 661 285 728 merenti,
300 657 465 735 provideat:
480 654 616 716 omnibus
633 655 751 733 proeliis
765 673 831 716 sese
844 656 944 726 victos,
961 675 1072 736 agrurn
1088 680 1152 721 vas

151 751 269 813 statum,
287 740 395 802 multos
417 738 549 800 mortalis
570 748 671 815 captos
686 739 813 809 occisos,
836 742 922 817 regni
936 759 1010 819 opes
1025 747 1134 806 conmi-

149 837 236 888 nutas
247 843 327 887 esse:
341 825 410 884 satis
425 841 513 902 saepe
528 824 584 883 iam
600 831 630 883 et
643 823 779 884 virtutem
797 823 921 886 militum
938 835 968 886 et
985 825 1134 890 loctunam

150 917 333 988 temptatam:
350 916 451 969 caveat
465 925 503 968 na
517 906 566 967 illo
583 914 737 967 cunctante
748 907 891 970 Numidae
901 907 958 970 sibi
972 911 1134 982 consederat,

125 994 203 1056 allis
221 1002 309 1071 atque
326 991 432 1053 talibus
447 991 509 1052 aliis
525 991 562 1051 ad
579 991 756 1052 deditionem
772 993 852 1069 regis
865 994 998 1054 animum
1013 995 1133 1074 inpellit.

123 1078 304 1140 allittuntur
327 1075 364 1137 ad
375 1078 582 1154 imperatorem
602 1074 706 1151 legati,
738 1076 788 1152 qui
809 1074 980 1153 lugurtbam
993 1081 1159 1158 imperatae

151 1161 299 1231 iacturum
317 1161 449 1222 dicerent
468 1177 504 1220 ac
523 1160 586 1219 sine
613 1157 672 1220 ulla
702 1160 836 1236 pactione
861 1176 926 1221 sese
948 1177 1133 1244 regnumque

124 1259 237 1307 esuum
258 1246 289 1306 in
309 1244 386 1307 illius
400 1244 488 1306 fldem
502 1243 629 1304 tradere.
660 1241 793 1304 bletellus
807 1259 937 1320 propere
952 1255 1079 1308 cunctos
1092 1265 1133 1309 sa·

151 1329 257 1390 natorii
272 1329 382 1390 ordinis
396 1348 432 1390 ex
447 1327 579 1389 bibernis
596 1328 708 1388 accersi
722 1327 819 1388 iubet:
839 1345 943 1389 eorum
953 1337 984 1390 et
1001 1329 1131 1401 aliorum,

125 1429 225 1492 squos
239 1413 361 1475 idoneos
375 1411 510 1482 ducebat,
526 1411 679 1473 consilium
697 1410 795 1473 babet.
828 1410 870 1472 lta
885 1429 969 1473 more
989 1416 1132 1477 maiorum

153 1515 189 1558 ex
207 1497 309 1558 consili
337 1498 456 1558 decreto
485 1513 539 1574 per
560 1495 671 1572 legatos
696 1495 856 1572 luqurthae
874 1498 1004 1574 imperat
1022 1500 1158 1577 argentin

151 1582 250 1659 pondo
270 1581 396 1643 ducenta
417 1579 510 1649 milia,
540 1578 712 1656 elephantos
732 1579 841 1647 omnis,
871 1597 1018 1658 equorum
1038 1592 1071 1645 et
1090 1601 1132 1644 ar·

125 1677 269 1727 tinorum
290 1666 479 1744 aliquantum.
497 1662 578 1733 Quae
600 1671 755 1740 postquam
776 1663 839 1723 sine
860 1681 944 1724 mora
964 1664 1042 1728 lacta
1061 1677 1132 1736 sunt,

126 1748 233 1810 7iubet
254 1750 348 1809 omnis
361 1746 501 1825 perfugas
521 1747 634 1806 vinctos
653 1745 768 1807 adduci.
804 1746 915 1808 Eorum
933 1766 1040 1828 magna
1059 1769 1131 1829 pars,

151 1833 193 1893 uti
209 1832 319 1893 iussum
334 1841 405 1899 erat,
422 1831 548 1897 adducti,
571 1831 666 1906 pauci,
682 1832 891 1908 cumprimum
907 1831 1016 1894 deditio
1031 1837 1132 1914 coepit,

126 1915 189 1978 aad
203 1932 305 1992 regem
323 1914 473 1975 Bocchum
488 1914 734 1976 inblauretaniam
748 1914 889 1975 abierant.
925 1916 1018 1994 igitur
1032 1918 1158 1997 Iugur-a

154 2000 212 2069 tha,
234 1999 284 2061 ubi
305 2000 394 2061 armis
412 1998 540 2075 virisque
562 2008 591 2058 ut
609 1998 734 2073 pecunia
748 1997 888 2075 spoliatus
910 2009 967 2070 est,
991 2005 1133 2082 cumipse

153 2087 189 2146 ad
204 2083 412 2165 imperandum
424 2081 564 2144 Tisidium
586 2089 754 2150 vocaretur,
777 2099 880 2143 rursus
903 2087 1000 2163 coepit
1018 2085 1134 2149 llecoere

126 2170 282 2229 caninum
303 2186 389 2229 suum
411 2176 494 2228 etex
515 2165 591 2243 mala
606 2166 783 2226 conscientia
799 2167 886 2244 digna
902 2169 1016 2231 timere.
1050 2170 1134 2234 Deni-

153 2270 210 2331 que
224 2252 324 2312 multis
339 2251 443 2312 diebus
456 2269 511 2328 per
530 2250 741 2312 dubitationem
757 2254 947 2330 consumptis,
964 2271 1032 2316 oum
1048 2255 1134 2317 modo

152 2336 248 2397 taedio
269 2353 371 2397 rerum
391 2335 582 2396 advorsarum
601 2334 699 2396 omnia
713 2333 791 2396 bello
809 2336 922 2414 potiora
941 2336 1075 2409 duceret,
1094 2342 1161 2401 ima

152 2421 269 2482 tardum
283 2435 383 2481 secum
396 2421 459 2497 ipse
472 2427 625 2496 reputaret
635 2437 723 2498 quam
737 2421 833 2497 gravis
843 2437 928 2481 casus
941 2421 972 2480 in
987 2425 1134 2486 servitium

153 2523 189 2566 ex
203 2521 295 2582 regno
310 2503 396 2572 soret,
415 2502 514 2564 multis
528 2504 701 2581 magnisque
711 2504 864 2579 praesidiis
874 2505 1055 2582 nequiquam
1069 2526 1135 2585 per·

113 2593 144 2645 10
155 2589 220 2650 ditis
242 2589 279 2649 de
299 2589 413 2664 integro
436 2585 545 2648 bellum
560 2588 657 2647 sumit.
700 2586 736 2645 Et
750 2586 861 2648 Romae
875 2594 992 2648 senatus
1011 2589 1050 2652 de
1067 2609 1136 2670 pro·

153 2672 253 2732 vinciis
272 2671 422 2732 consultus
437 2669 603 2731 Numidiam
619 2667 735 2732 bletello
752 2670 929 2732 decreverat.

101 2751 142 2812 63
234 2755 293 2815 Per
314 2755 391 2816 idem
411 2762 528 2831 tempus
546 2753 646 2816 Uticae
674 2753 750 2812 forte
769 2753 803 2814 G.
823 2752 915 2813 llario
941 2770 995 2828 per
1024 2754 1163 2821 bostima

153 2839 215 2899 deis
237 2837 413 2915 subplicanti
435 2856 541 2916 magna
562 2846 650 2916 atcpue
676 2834 818 2905 mirabilia
832 2836 969 2912 portendi
984 2837 1137 2921 haruspex

153 2923 281 2983 dixerat:
305 2923 439 2998 proinde,
458 2939 533 3001 quae
552 2923 649 2983 animo
668 2919 803 2997 agitabat,
827 2919 918 2982 iretus
941 2920 1003 2982 deis
1024 2937 1136 3002 ageret,

154 3007 302 3066 fortunam
324 3023 411 3083 quam
431 3007 610 3082 saepissume
632 3005 831 3081 experiretur,
861 3013 965 3066 cuncta
991 3024 1137 3087 prospere

130 3097 305 3153 terentura.
355 3089 392 3148 tlt
419 3088 501 3149 illum
522 3092 580 3151 iam
609 3098 694 3150 antea
717 3088 885 3150 consulatus
902 3090 1006 3167 ingens
1029 3095 1136 3171 cupido

154 3172 326 3252 exagitabat,
346 3172 485 3250 adquam
500 3173 676 3251 capiundum
691 3181 808 3251 praeter
823 3181 995 3234 vetustatem
1010 3176 1163 3239 familiaea

153 3257 208 3320 alia
223 3259 319 3319 omnia
336 3254 454 3317 abunde
470 3266 562 3328 erant,
577 3257 720 3319 industria
733 3255 874 3334 probitas,
889 3255 1008 3319 militiae
1028 3279 1135 3340 magna

152 3343 272 3403 scicntia
291 3342 408 3403 animus
428 3337 498 3400 beli
520 3341 637 3418 ingens:
665 3341 746 3402 domi
772 3341 917 3409 modicus,
948 3339 1088 3406 lubidinis
1109 3353 1137 3406 et

152 3426 318 3487 divitiarum
339 3426 440 3494 victor,
465 3430 578 3484 tantum
599 3425 689 3487 modo
709 3424 820 3503 gloriae
838 3425 949 3486 aridus
