<?xml version="1.0" encoding="UTF-8"?>
<!DOCTYPE html PUBLIC "-//W3C//DTD XHTML 1.0 Transitional//EN"
    "http://www.w3.org/TR/xhtml1/DTD/xhtml1-transitional.dtd">
<html xmlns="http://www.w3.org/1999/xhtml" xml:lang="en" lang="en">
 <head>
  <title>
</title>
<meta http-equiv="Content-Type" content="text/html;charset=utf-8" />
  <meta name='ocr-system' content='tesseract 3.04.00' />
  <meta name='ocr-capabilities' content='ocr_page ocr_carea ocr_par ocr_line ocrx_word'/>
</head>
<body>
  <div class='ocr_page' id='page_1' title='image "./gaisallusticris00jugugoog_0053.png"; bbox 0 0 2378 3864; ppageno 0'>
   <div class='ocr_carea' id='block_1_1' title="bbox 121 136 986 198">
    <p class='ocr_par' dir='ltr' id='par_1_1' title="bbox 121 136 986 198">
     <span class='ocr_line' id='line_1_1' title="bbox 121 136 986 198; baseline -0.005 0"><span class='ocrx_word' id='word_1_1' title='bbox 121 136 161 198; x_wconf 78' lang='grc'><strong>32</strong></span> <span class='ocrx_word' id='word_1_2' title='bbox 235 155 277 194; x_wconf 84' lang='lat' dir='ltr'><strong>nn</strong></span> <span class='ocrx_word' id='word_1_3' title='bbox 301 153 473 196; x_wconf 74' lang='lat' dir='ltr'><strong>oarmmas</strong></span> <span class='ocrx_word' id='word_1_4' title='bbox 495 150 735 196; x_wconf 76' lang='lat' dir='ltr'><strong>ooumaamoun</strong></span> <span class='ocrx_word' id='word_1_5' title='bbox 757 149 786 193; x_wconf 89' lang='lat' dir='ltr'><strong>o.</strong></span> <span class='ocrx_word' id='word_1_6' title='bbox 810 141 854 195; x_wconf 81' lang='lat'><strong>53.</strong></span> <span class='ocrx_word' id='word_1_7' title='bbox 876 142 919 194; x_wconf 75' lang='lat'><strong>54.</strong></span> <span class='ocrx_word' id='word_1_8' title='bbox 940 141 986 194; x_wconf 83' lang='lat'><strong>55.</strong></span> 
     </span>
    </p>
   </div>
   <div class='ocr_carea' id='block_1_2' title="bbox 15 298 1164 3489">
    <p class='ocr_par' dir='ltr' id='par_1_2' title="bbox 44 298 1164 1790">
     <span class='ocr_line' id='line_1_2' title="bbox 119 298 1099 380; baseline -0.004 -15"><span class='ocrx_word' id='word_1_9' title='bbox 119 304 268 365; x_wconf 84' lang='lat' dir='ltr'><strong>Romanus</strong></span> <span class='ocrx_word' id='word_1_10' title='bbox 290 303 369 364; x_wconf 90' lang='lat' dir='ltr'><strong>domi</strong></span> <span class='ocrx_word' id='word_1_11' title='bbox 383 300 571 380; x_wconf 83' lang='lat' dir='ltr'><strong>militiaeque,</strong></span> <span class='ocrx_word' id='word_1_12' title='bbox 595 303 669 362; x_wconf 89' lang='lat' dir='ltr'><strong>mari</strong></span> <span class='ocrx_word' id='word_1_13' title='bbox 684 309 770 380; x_wconf 88' lang='lat' dir='ltr'><strong>atque</strong></span> <span class='ocrx_word' id='word_1_14' title='bbox 787 306 866 359; x_wconf 88' lang='lat' dir='ltr'><strong>terra</strong></span> <span class='ocrx_word' id='word_1_15' title='bbox 886 298 1041 376; x_wconf 86' lang='lat' dir='ltr'><strong>praeclara</strong></span> <span class='ocrx_word' id='word_1_16' title='bbox 1059 300 1099 362; x_wconf 87' lang='lat' dir='ltr'><strong>ia·</strong></span> 
     </span>
     <span class='ocr_line' id='line_1_3' title="bbox 44 384 1100 464; baseline -0.004 -15"><span class='ocrx_word' id='word_1_17' title='bbox 44 423 48 429; x_wconf 90' lang='lat'><strong>·</strong></span> <span class='ocrx_word' id='word_1_18' title='bbox 120 389 220 449; x_wconf 74' lang='lat' dir='ltr'><strong>unora</strong></span> <span class='ocrx_word' id='word_1_19' title='bbox 235 386 312 458; x_wconf 88' lang='lat' dir='ltr'><strong>iecit,</strong></span> <span class='ocrx_word' id='word_1_20' title='bbox 330 386 405 447; x_wconf 88' lang='lat' dir='ltr'><strong>lorte</strong></span> <span class='ocrx_word' id='word_1_21' title='bbox 419 384 514 446; x_wconf 92' lang='lat' dir='ltr'><strong>lubuit</strong></span> <span class='ocrx_word' id='word_1_22' title='bbox 526 384 694 455; x_wconf 74' lang='lat' dir='ltr'>adtendere,</span> <span class='ocrx_word' id='word_1_23' title='bbox 711 403 785 464; x_wconf 89' lang='lat' dir='ltr'><strong>quae</strong></span> <span class='ocrx_word' id='word_1_24' title='bbox 802 400 851 444; x_wconf 87' lang='lat' dir='ltr'><strong>res</strong></span> <span class='ocrx_word' id='word_1_25' title='bbox 867 401 1007 445; x_wconf 86' lang='lat' dir='ltr'><strong>maxume</strong></span> <span class='ocrx_word' id='word_1_26' title='bbox 1023 391 1100 445; x_wconf 86' lang='lat' dir='ltr'><strong>tanta</strong></span> 
     </span>
     <span class='ocr_line' id='line_1_4' title="bbox 93 469 1099 551; baseline -0.002 -19"><span class='ocrx_word' id='word_1_27' title='bbox 93 473 235 551; x_wconf 79' lang='lat' dir='ltr'><strong>ancgotin</strong></span> <span class='ocrx_word' id='word_1_28' title='bbox 249 471 440 532; x_wconf 81' lang='lat' dir='ltr'><strong>sustinuisset.</strong></span> <span class='ocrx_word' id='word_1_29' title='bbox 457 469 594 530; x_wconf 83' lang='lat' dir='ltr'><strong>sciebam</strong></span> <span class='ocrx_word' id='word_1_30' title='bbox 608 484 819 547; x_wconf 84' lang='lat' dir='ltr'><strong>saepenumero</strong></span> <span class='ocrx_word' id='word_1_31' title='bbox 827 484 919 545; x_wconf 86' lang='lat' dir='ltr'><strong>parva</strong></span> <span class='ocrx_word' id='word_1_32' title='bbox 931 485 1022 529; x_wconf 91' lang='lat' dir='ltr'><strong>manu</strong></span> <span class='ocrx_word' id='word_1_33' title='bbox 1035 484 1099 530; x_wconf 89' lang='lat' dir='ltr'><strong>cum</strong></span> 
     </span>
     <span class='ocr_line' id='line_1_5' title="bbox 119 552 1100 633; baseline -0.002 -17"><span class='ocrx_word' id='word_1_34' title='bbox 119 556 233 633; x_wconf 87' lang='lat' dir='ltr'><strong>magnis</strong></span> <span class='ocrx_word' id='word_1_35' title='bbox 249 553 412 632; x_wconf 80' lang='lat' dir='ltr'>legionibus</span> <span class='ocrx_word' id='word_1_36' title='bbox 429 552 557 614; x_wconf 87' lang='lat' dir='ltr'><strong>hostium</strong></span> <span class='ocrx_word' id='word_1_37' title='bbox 574 552 770 623; x_wconf 80' lang='lat' dir='ltr'>contendisse,</span> <span class='ocrx_word' id='word_1_38' title='bbox 795 567 992 628; x_wconf 82' lang='lat' dir='ltr'>cognoveram</span> <span class='ocrx_word' id='word_1_39' title='bbox 1005 556 1100 630; x_wconf 82' lang='lat' dir='ltr'><strong>parvts</strong></span> 
     </span>
     <span class='ocr_line' id='line_1_6' title="bbox 120 634 1116 718; baseline -0.002 -18"><span class='ocrx_word' id='word_1_40' title='bbox 120 641 211 718; x_wconf 89' lang='lat' dir='ltr'><strong>copiis</strong></span> <span class='ocrx_word' id='word_1_41' title='bbox 230 637 306 700; x_wconf 89' lang='lat' dir='ltr'><strong>bella</strong></span> <span class='ocrx_word' id='word_1_42' title='bbox 322 645 402 716; x_wconf 87' lang='lat' dir='ltr'><strong>gesta</strong></span> <span class='ocrx_word' id='word_1_43' title='bbox 421 636 648 716; x_wconf 87' lang='lat' dir='ltr'><strong>cumopulentis</strong></span> <span class='ocrx_word' id='word_1_44' title='bbox 661 635 795 714; x_wconf 86' lang='lat' dir='ltr'><strong>regibus,</strong></span> <span class='ocrx_word' id='word_1_45' title='bbox 812 634 918 696; x_wconf 87' lang='lat' dir='ltr'><strong>adhoc</strong></span> <span class='ocrx_word' id='word_1_46' title='bbox 934 653 1023 715; x_wconf 87' lang='lat' dir='ltr'><strong>saepe</strong></span> <span class='ocrx_word' id='word_1_47' title='bbox 1039 636 1116 698; x_wconf 77' lang='lat' dir='ltr'><strong>ior-s</strong></span> 
     </span>
     <span class='ocr_line' id='line_1_7' title="bbox 83 719 1100 805; baseline -0.001 -22"><span class='ocrx_word' id='word_1_48' title='bbox 83 744 86 749; x_wconf 92' lang='lat'>·</span> <span class='ocrx_word' id='word_1_49' title='bbox 120 731 210 783; x_wconf 88' lang='lat' dir='ltr'><strong>tunae</strong></span> <span class='ocrx_word' id='word_1_50' title='bbox 227 720 393 783; x_wconf 88' lang='lat' dir='ltr'><strong>violentiam</strong></span> <span class='ocrx_word' id='word_1_51' title='bbox 404 720 595 790; x_wconf 62' lang='lat' dir='ltr'><strong>‘toleravisse,</strong></span> <span class='ocrx_word' id='word_1_52' title='bbox 619 720 753 781; x_wconf 82' lang='lat' dir='ltr'><strong>facundia</strong></span> <span class='ocrx_word' id='word_1_53' title='bbox 770 719 899 781; x_wconf 89' lang='lat' dir='ltr'><strong>Graecos</strong></span> <span class='ocrx_word' id='word_1_54' title='bbox 919 720 1014 798; x_wconf 86' lang='lat' dir='ltr'><strong>gloria</strong></span> <span class='ocrx_word' id='word_1_55' title='bbox 1032 720 1100 805; x_wconf 77' lang='lat' dir='ltr'><strong>belli</strong></span> 
     </span>
     <span class='ocr_line' id='line_1_8' title="bbox 93 803 1099 880; baseline -0.003 -11"><span class='ocrx_word' id='word_1_56' title='bbox 93 805 218 873; x_wconf 84' lang='lat' dir='ltr'><strong>4Gallos</strong></span> <span class='ocrx_word' id='word_1_57' title='bbox 235 810 301 866; x_wconf 92' lang='lat' dir='ltr'><strong>ante</strong></span> <span class='ocrx_word' id='word_1_58' title='bbox 313 804 461 865; x_wconf 81' lang='lat' dir='ltr'><strong>Romanos</strong></span> <span class='ocrx_word' id='word_1_59' title='bbox 479 804 576 867; x_wconf 83' lang='lat' dir='ltr'><strong>luisse.</strong></span> <span class='ocrx_word' id='word_1_60' title='bbox 605 804 647 865; x_wconf 81' lang='lat' dir='ltr'><strong>te</strong></span> <span class='ocrx_word' id='word_1_61' title='bbox 661 803 733 864; x_wconf 91' lang='lat' dir='ltr'><strong>mihi</strong></span> <span class='ocrx_word' id='word_1_62' title='bbox 749 804 840 865; x_wconf 87' lang='lat' dir='ltr'><strong>multa</strong></span> <span class='ocrx_word' id='word_1_63' title='bbox 856 803 976 880; x_wconf 76' lang='lat' dir='ltr'><strong>agitanti</strong></span> <span class='ocrx_word' id='word_1_64' title='bbox 988 813 1099 866; x_wconf 66' lang='lat' dir='ltr'><strong>conma-</strong></span> 
     </span>
     <span class='ocr_line' id='line_1_9' title="bbox 120 889 1099 968; baseline -0.001 -17"><span class='ocrx_word' id='word_1_65' title='bbox 120 890 171 951; x_wconf 86' lang='lat' dir='ltr'><strong>bat</strong></span> <span class='ocrx_word' id='word_1_66' title='bbox 184 906 347 968; x_wconf 90' lang='lat' dir='ltr'><strong>paucorum</strong></span> <span class='ocrx_word' id='word_1_67' title='bbox 361 890 465 950; x_wconf 90' lang='lat' dir='ltr'><strong>civium</strong></span> <span class='ocrx_word' id='word_1_68' title='bbox 482 889 629 967; x_wconf 86' lang='lat' dir='ltr'><strong>egregiam</strong></span> <span class='ocrx_word' id='word_1_69' title='bbox 649 889 786 949; x_wconf 85' lang='lat' dir='ltr'><strong>vlrtutem</strong></span> <span class='ocrx_word' id='word_1_70' title='bbox 809 892 914 949; x_wconf 91' lang='lat' dir='ltr'><strong>cuncta</strong></span> <span class='ocrx_word' id='word_1_71' title='bbox 929 889 1099 966; x_wconf 70' lang='lat' dir='ltr'><strong>patravisse,</strong></span> 
     </span>
     <span class='ocr_line' id='line_1_10' title="bbox 121 969 1101 1052; baseline 0 -18"><span class='ocrx_word' id='word_1_72' title='bbox 121 991 215 1052; x_wconf 87' lang='lat' dir='ltr'><strong>eoque</strong></span> <span class='ocrx_word' id='word_1_73' title='bbox 236 971 345 1034; x_wconf 85' lang='lat' dir='ltr'><strong>iactum</strong></span> <span class='ocrx_word' id='word_1_74' title='bbox 366 975 409 1033; x_wconf 91' lang='lat' dir='ltr'><strong>uti</strong></span> <span class='ocrx_word' id='word_1_75' title='bbox 426 972 536 1033; x_wconf 90' lang='lat' dir='ltr'><strong>divitias</strong></span> <span class='ocrx_word' id='word_1_76' title='bbox 557 978 723 1051; x_wconf 85' lang='lat' dir='ltr'><strong>paupertas,</strong></span> <span class='ocrx_word' id='word_1_77' title='bbox 742 969 956 1033; x_wconf 86' lang='lat' dir='ltr'><strong>multitudinem</strong></span> <span class='ocrx_word' id='word_1_78' title='bbox 970 974 1101 1049; x_wconf 81' lang='lat' dir='ltr'><strong>paucitas</strong></span> 
     </span>
     <span class='ocr_line' id='line_1_11' title="bbox 93 1054 1128 1136; baseline -0.002 -18"><span class='ocrx_word' id='word_1_79' title='bbox 93 1064 281 1135; x_wconf 76' lang='lat' dir='ltr'><strong>ssuperaret.</strong></span> <span class='ocrx_word' id='word_1_80' title='bbox 325 1056 376 1118; x_wconf 91' lang='lat' dir='ltr'><strong>Set</strong></span> <span class='ocrx_word' id='word_1_81' title='bbox 400 1063 554 1136; x_wconf 87' lang='lat' dir='ltr'><strong>postquam</strong></span> <span class='ocrx_word' id='word_1_82' title='bbox 576 1055 646 1117; x_wconf 84' lang='lat' dir='ltr'><strong>luxu</strong></span> <span class='ocrx_word' id='word_1_83' title='bbox 668 1063 754 1134; x_wconf 86' lang='lat' dir='ltr'><strong>atque</strong></span> <span class='ocrx_word' id='word_1_84' title='bbox 776 1054 885 1117; x_wconf 81' lang='lat' dir='ltr'><strong>desidia</strong></span> <span class='ocrx_word' id='word_1_85' title='bbox 909 1055 1009 1116; x_wconf 92' lang='lat' dir='ltr'><strong>civitas</strong></span> <span class='ocrx_word' id='word_1_86' title='bbox 1032 1074 1128 1118; x_wconf 87' lang='lat' dir='ltr'><strong>con-u</strong></span> 
     </span>
     <span class='ocr_line' id='line_1_12' title="bbox 116 1142 1100 1224; baseline 0.003 -20"><span class='ocrx_word' id='word_1_87' title='bbox 116 1152 203 1224; x_wconf 90' lang='lat' dir='ltr'><strong>rupta</strong></span> <span class='ocrx_word' id='word_1_88' title='bbox 219 1151 276 1212; x_wconf 87' lang='lat' dir='ltr'><strong>ost,</strong></span> <span class='ocrx_word' id='word_1_89' title='bbox 293 1160 395 1204; x_wconf 91' lang='lat' dir='ltr'><strong>rursus</strong></span> <span class='ocrx_word' id='word_1_90' title='bbox 409 1161 458 1204; x_wconf 88' lang='lat' dir='ltr'><strong>res</strong></span> <span class='ocrx_word' id='word_1_91' title='bbox 472 1142 591 1223; x_wconf 89' lang='lat' dir='ltr'><strong>publica</strong></span> <span class='ocrx_word' id='word_1_92' title='bbox 605 1144 807 1222; x_wconf 85' lang='lat' dir='ltr'><strong>magnitudine</strong></span> <span class='ocrx_word' id='word_1_93' title='bbox 820 1165 873 1209; x_wconf 85' lang='lat' dir='ltr'><strong>sua</strong></span> <span class='ocrx_word' id='word_1_94' title='bbox 887 1147 1100 1224; x_wconf 87' lang='lat' dir='ltr'><strong>imperatorum</strong></span> 
     </span>
     <span class='ocr_line' id='line_1_13' title="bbox 116 1226 1103 1305; baseline 0.005 -17"><span class='ocrx_word' id='word_1_95' title='bbox 116 1236 202 1305; x_wconf 91' lang='lat' dir='ltr'><strong>atque</strong></span> <span class='ocrx_word' id='word_1_96' title='bbox 223 1226 448 1304; x_wconf 81' lang='lat' dir='ltr'><strong>magistratuum</strong></span> <span class='ocrx_word' id='word_1_97' title='bbox 469 1229 537 1288; x_wconf 88' lang='lat' dir='ltr'><strong>vitia</strong></span> <span class='ocrx_word' id='word_1_98' title='bbox 564 1227 753 1300; x_wconf 85' lang='lat' dir='ltr'><strong>sustentabat,</strong></span> <span class='ocrx_word' id='word_1_99' title='bbox 775 1248 824 1301; x_wconf 90' lang='lat' dir='ltr'><strong>ao,</strong></span> <span class='ocrx_word' id='word_1_100' title='bbox 852 1231 939 1292; x_wconf 89' lang='lat' dir='ltr'><strong>sicuti</strong></span> <span class='ocrx_word' id='word_1_101' title='bbox 965 1229 1053 1291; x_wconf 85' lang='lat' dir='ltr'><strong>elicta</strong></span> <span class='ocrx_word' id='word_1_102' title='bbox 1073 1233 1103 1293; x_wconf 84' lang='lat' dir='ltr'><strong>oi</strong></span> 
     </span>
     <span class='ocr_line' id='line_1_14' title="bbox 119 1305 1095 1388; baseline -0.003 -17"><span class='ocrx_word' id='word_1_103' title='bbox 119 1317 283 1388; x_wconf 87' lang='lat' dir='ltr'><strong>pareutum,</strong></span> <span class='ocrx_word' id='word_1_104' title='bbox 303 1308 402 1370; x_wconf 91' lang='lat' dir='ltr'><strong>multis</strong></span> <span class='ocrx_word' id='word_1_105' title='bbox 417 1309 638 1388; x_wconf 89' lang='lat' dir='ltr'><strong>tempestatibus</strong></span> <span class='ocrx_word' id='word_1_106' title='bbox 650 1309 722 1368; x_wconf 92' lang='lat' dir='ltr'><strong>baut</strong></span> <span class='ocrx_word' id='word_1_107' title='bbox 737 1325 806 1368; x_wconf 91' lang='lat' dir='ltr'><strong>sane</strong></span> <span class='ocrx_word' id='word_1_108' title='bbox 820 1307 973 1386; x_wconf 88' lang='lat' dir='ltr'><strong>quisquam</strong></span> <span class='ocrx_word' id='word_1_109' title='bbox 983 1305 1095 1368; x_wconf 81' lang='lat' dir='ltr'><strong>Itomae</strong></span> 
     </span>
     <span class='ocr_line' id='line_1_15' title="bbox 90 1389 1095 1472; baseline -0.006 -15"><span class='ocrx_word' id='word_1_110' title='bbox 90 1395 225 1457; x_wconf 77' lang='lat' dir='ltr'><strong>ovirtute</strong></span> <span class='ocrx_word' id='word_1_111' title='bbox 242 1396 367 1472; x_wconf 87' lang='lat' dir='ltr'><strong>maguus</strong></span> <span class='ocrx_word' id='word_1_112' title='bbox 380 1391 443 1455; x_wconf 83' lang='lat' dir='ltr'><strong>luit.</strong></span> <span class='ocrx_word' id='word_1_113' title='bbox 477 1393 527 1454; x_wconf 87' lang='lat' dir='ltr'><strong>Set</strong></span> <span class='ocrx_word' id='word_1_114' title='bbox 544 1393 684 1453; x_wconf 91' lang='lat' dir='ltr'><strong>memoria</strong></span> <span class='ocrx_word' id='word_1_115' title='bbox 699 1408 764 1453; x_wconf 89' lang='lat' dir='ltr'><strong>mea</strong></span> <span class='ocrx_word' id='word_1_116' title='bbox 781 1389 891 1470; x_wconf 81' lang='lat' dir='ltr'><strong>ingenti</strong></span> <span class='ocrx_word' id='word_1_117' title='bbox 912 1390 1029 1461; x_wconf 71' lang='lat' dir='ltr'><strong>virtue,</strong></span> <span class='ocrx_word' id='word_1_118' title='bbox 1054 1390 1095 1451; x_wconf 91' lang='lat' dir='ltr'><strong>di·</strong></span> 
     </span>
     <span class='ocr_line' id='line_1_16' title="bbox 119 1471 1123 1547; baseline 0.001 -10"><span class='ocrx_word' id='word_1_119' title='bbox 119 1479 212 1539; x_wconf 87' lang='lat' dir='ltr'><strong>vorsis</strong></span> <span class='ocrx_word' id='word_1_120' title='bbox 226 1477 358 1539; x_wconf 87' lang='lat' dir='ltr'><strong>moribus</strong></span> <span class='ocrx_word' id='word_1_121' title='bbox 373 1477 456 1539; x_wconf 82' lang='lat' dir='ltr'><strong>luere</strong></span> <span class='ocrx_word' id='word_1_122' title='bbox 477 1477 531 1538; x_wconf 85' lang='lat' dir='ltr'><strong>viri</strong></span> <span class='ocrx_word' id='word_1_123' title='bbox 545 1476 615 1546; x_wconf 90' lang='lat' dir='ltr'><strong>duo,</strong></span> <span class='ocrx_word' id='word_1_124' title='bbox 634 1477 671 1537; x_wconf 86' lang='grc'><strong>11.</strong></span> <span class='ocrx_word' id='word_1_125' title='bbox 683 1475 758 1537; x_wconf 70' lang='lat' dir='ltr'><strong>dato</strong></span> <span class='ocrx_word' id='word_1_126' title='bbox 776 1483 806 1537; x_wconf 92' lang='lat' dir='ltr'><strong>et</strong></span> <span class='ocrx_word' id='word_1_127' title='bbox 821 1477 854 1537; x_wconf 88' lang='lat' dir='ltr'><strong>G.</strong></span> <span class='ocrx_word' id='word_1_128' title='bbox 871 1471 987 1534; x_wconf 87' lang='lat' dir='ltr'><strong>Caesar.</strong></span> <span class='ocrx_word' id='word_1_129' title='bbox 1019 1475 1097 1547; x_wconf 83' lang='lat' dir='ltr'><strong>Quos</strong></span> <span class='ocrx_word' id='word_1_130' title='bbox 1105 1497 1123 1538; x_wconf 90' lang='lat' dir='ltr'><strong>u</strong></span> 
     </span>
     <span class='ocr_line' id='line_1_17' title="bbox 119 1557 1164 1641; baseline -0.004 -18"><span class='ocrx_word' id='word_1_131' title='bbox 119 1564 255 1641; x_wconf 86' lang='lat' dir='ltr'><strong>quoniam</strong></span> <span class='ocrx_word' id='word_1_132' title='bbox 268 1580 316 1623; x_wconf 90' lang='lat' dir='ltr'><strong>res</strong></span> <span class='ocrx_word' id='word_1_133' title='bbox 328 1560 482 1630; x_wconf 91' lang='lat' dir='ltr'><strong>obtulerat,</strong></span> <span class='ocrx_word' id='word_1_134' title='bbox 499 1559 613 1620; x_wconf 85' lang='lat' dir='ltr'><strong>silentio</strong></span> <span class='ocrx_word' id='word_1_135' title='bbox 622 1561 784 1638; x_wconf 90' lang='lat' dir='ltr'><strong>praeterire</strong></span> <span class='ocrx_word' id='word_1_136' title='bbox 797 1557 920 1620; x_wconf 87' lang='lat' dir='ltr'><strong>nonfuit</strong></span> <span class='ocrx_word' id='word_1_137' title='bbox 934 1557 1097 1628; x_wconf 90' lang='lat' dir='ltr'><strong>consilium,</strong></span> <span class='ocrx_word' id='word_1_138' title='bbox 1162 1594 1164 1623; x_wconf 65' lang='lat'>2</span> 
     </span>
     <span class='ocr_line' id='line_1_18' title="bbox 119 1641 1096 1724; baseline -0.005 -16"><span class='ocrx_word' id='word_1_139' title='bbox 119 1648 188 1724; x_wconf 90' lang='lat' dir='ltr'><strong>quin</strong></span> <span class='ocrx_word' id='word_1_140' title='bbox 203 1648 355 1722; x_wconf 90' lang='lat' dir='ltr'><strong>utriusque</strong></span> <span class='ocrx_word' id='word_1_141' title='bbox 371 1652 506 1705; x_wconf 89' lang='lat' dir='ltr'><strong>naturam</strong></span> <span class='ocrx_word' id='word_1_142' title='bbox 521 1650 549 1704; x_wconf 89' lang='lat' dir='ltr'><strong>et</strong></span> <span class='ocrx_word' id='word_1_143' title='bbox 562 1660 669 1713; x_wconf 87' lang='lat' dir='ltr'><strong>mores,</strong></span> <span class='ocrx_word' id='word_1_144' title='bbox 682 1649 824 1722; x_wconf 85' lang='lat' dir='ltr'><strong>quantum</strong></span> <span class='ocrx_word' id='word_1_145' title='bbox 838 1641 955 1720; x_wconf 89' lang='lat' dir='ltr'><strong>ingenio</strong></span> <span class='ocrx_word' id='word_1_146' title='bbox 969 1659 1096 1720; x_wconf 90' lang='lat' dir='ltr'><strong>possem,</strong></span> 
     </span>
     <span class='ocr_line' id='line_1_19' title="bbox 119 1746 274 1790; baseline -0.019 0"><span class='ocrx_word' id='word_1_147' title='bbox 119 1746 274 1790; x_wconf 78' lang='lat' dir='ltr'><strong>aemam.</strong></span> 
     </span>
    </p>

    <p class='ocr_par' dir='ltr' id='par_1_3' title="bbox 69 1747 1128 2310">
     <span class='ocr_line' id='line_1_20' title="bbox 69 1747 1097 1890; baseline 0.002 -20"><span class='ocrx_word' id='word_1_148' title='bbox 69 1810 108 1872; x_wconf 79' lang='lat'><strong>54</strong></span> <span class='ocrx_word' id='word_1_149' title='bbox 136 1747 155 1808; x_wconf 74' lang='lat' dir='ltr'>p</span> <span class='ocrx_word' id='word_1_150' title='bbox 199 1811 294 1890; x_wconf 77' lang='lat' dir='ltr'><strong>&#39;Igitur</strong></span> <span class='ocrx_word' id='word_1_151' title='bbox 309 1813 351 1872; x_wconf 92' lang='lat' dir='ltr'><strong>eis</strong></span> <span class='ocrx_word' id='word_1_152' title='bbox 367 1827 459 1889; x_wconf 88' lang='lat' dir='ltr'><strong>genus</strong></span> <span class='ocrx_word' id='word_1_153' title='bbox 476 1819 553 1871; x_wconf 90' lang='lat' dir='ltr'><strong>aetas</strong></span> <span class='ocrx_word' id='word_1_154' title='bbox 573 1809 737 1889; x_wconf 89' lang='lat' dir='ltr'><strong>eloquentia</strong></span> <span class='ocrx_word' id='word_1_155' title='bbox 751 1827 843 1888; x_wconf 89' lang='lat' dir='ltr'><strong>prope</strong></span> <span class='ocrx_word' id='word_1_156' title='bbox 860 1808 989 1889; x_wconf 89' lang='lat' dir='ltr'><strong>aequalia</strong></span> <span class='ocrx_word' id='word_1_157' title='bbox 1005 1811 1097 1879; x_wconf 87' lang='lat' dir='ltr'><strong>fuere,</strong></span> 
     </span>
     <span class='ocr_line' id='line_1_21' title="bbox 92 1892 1128 1973; baseline 0.003 -18"><span class='ocrx_word' id='word_1_158' title='bbox 92 1895 287 1973; x_wconf 80' lang='lat' dir='ltr'><strong>amagnitudo</strong></span> <span class='ocrx_word' id='word_1_159' title='bbox 303 1895 391 1955; x_wconf 89' lang='lat' dir='ltr'><strong>animi</strong></span> <span class='ocrx_word' id='word_1_160' title='bbox 406 1911 469 1972; x_wconf 91' lang='lat' dir='ltr'><strong>par,</strong></span> <span class='ocrx_word' id='word_1_161' title='bbox 492 1895 561 1955; x_wconf 91' lang='lat' dir='ltr'><strong>item</strong></span> <span class='ocrx_word' id='word_1_162' title='bbox 582 1893 682 1972; x_wconf 88' lang='lat' dir='ltr'><strong>gloria,</strong></span> <span class='ocrx_word' id='word_1_163' title='bbox 705 1901 750 1955; x_wconf 92' lang='lat' dir='ltr'><strong>set</strong></span> <span class='ocrx_word' id='word_1_164' title='bbox 769 1893 823 1954; x_wconf 91' lang='lat' dir='ltr'><strong>alia</strong></span> <span class='ocrx_word' id='word_1_165' title='bbox 839 1894 896 1955; x_wconf 90' lang='lat' dir='ltr'><strong>alii.</strong></span> <span class='ocrx_word' id='word_1_166' title='bbox 926 1892 1034 1955; x_wconf 83' lang='lat' dir='ltr'><strong>Caesar</strong></span> <span class='ocrx_word' id='word_1_167' title='bbox 1047 1894 1128 1958; x_wconf 73' lang='lat' dir='ltr'><strong>boa</strong></span> 
     </span>
     <span class='ocr_line' id='line_1_22' title="bbox 118 1977 1099 2056; baseline -0.001 -16"><span class='ocrx_word' id='word_1_168' title='bbox 118 1979 221 2040; x_wconf 91' lang='lat' dir='ltr'><strong>niticiis</strong></span> <span class='ocrx_word' id='word_1_169' title='bbox 237 1997 272 2039; x_wconf 91' lang='lat' dir='ltr'><strong>ac</strong></span> <span class='ocrx_word' id='word_1_170' title='bbox 287 1977 482 2040; x_wconf 87' lang='lat' dir='ltr'><strong>munificentia</strong></span> <span class='ocrx_word' id='word_1_171' title='bbox 503 1995 626 2056; x_wconf 88' lang='lat' dir='ltr'><strong>magnus</strong></span> <span class='ocrx_word' id='word_1_172' title='bbox 647 1977 826 2048; x_wconf 89' lang='lat' dir='ltr'><strong>habebatur,</strong></span> <span class='ocrx_word' id='word_1_173' title='bbox 846 1979 1012 2056; x_wconf 90' lang='lat' dir='ltr'><strong>integritate</strong></span> <span class='ocrx_word' id='word_1_174' title='bbox 1026 1979 1099 2040; x_wconf 88' lang='lat' dir='ltr'><strong>vitae</strong></span> 
     </span>
     <span class='ocr_line' id='line_1_23' title="bbox 119 2061 1099 2131; baseline -0.001 -6"><span class='ocrx_word' id='word_1_175' title='bbox 119 2063 198 2125; x_wconf 79' lang='lat' dir='ltr'><strong>Cato.</strong></span> <span class='ocrx_word' id='word_1_176' title='bbox 220 2061 271 2124; x_wconf 92' lang='lat' dir='ltr'><strong>Ille</strong></span> <span class='ocrx_word' id='word_1_177' title='bbox 285 2061 506 2125; x_wconf 89' lang='lat' dir='ltr'><strong>mansuetudine</strong></span> <span class='ocrx_word' id='word_1_178' title='bbox 523 2070 552 2122; x_wconf 90' lang='lat' dir='ltr'><strong>et</strong></span> <span class='ocrx_word' id='word_1_179' title='bbox 573 2061 772 2123; x_wconf 88' lang='lat' dir='ltr'><strong>misericordia</strong></span> <span class='ocrx_word' id='word_1_180' title='bbox 788 2061 885 2123; x_wconf 91' lang='lat' dir='ltr'><strong>clarus</strong></span> <span class='ocrx_word' id='word_1_181' title='bbox 899 2063 1009 2131; x_wconf 87' lang='lat' dir='ltr'><strong>iactus,</strong></span> <span class='ocrx_word' id='word_1_182' title='bbox 1030 2061 1099 2124; x_wconf 90' lang='lat' dir='ltr'><strong>huic</strong></span> 
     </span>
     <span class='ocr_line' id='line_1_24' title="bbox 93 2145 1098 2226; baseline -0.002 -18"><span class='ocrx_word' id='word_1_183' title='bbox 93 2149 257 2209; x_wconf 83' lang='lat' dir='ltr'><strong>aseveritas</strong></span> <span class='ocrx_word' id='word_1_184' title='bbox 278 2148 447 2226; x_wconf 88' lang='lat' dir='ltr'><strong>dignitatem</strong></span> <span class='ocrx_word' id='word_1_185' title='bbox 468 2145 627 2206; x_wconf 89' lang='lat' dir='ltr'><strong>addiderat.</strong></span> <span class='ocrx_word' id='word_1_186' title='bbox 678 2145 784 2207; x_wconf 86' lang='lat' dir='ltr'><strong>Caesar</strong></span> <span class='ocrx_word' id='word_1_187' title='bbox 803 2147 898 2208; x_wconf 89' lang='lat' dir='ltr'><strong>dando</strong></span> <span class='ocrx_word' id='word_1_188' title='bbox 919 2145 1098 2208; x_wconf 89' lang='lat' dir='ltr'><strong>sublevando</strong></span> 
     </span>
     <span class='ocr_line' id='line_1_25' title="bbox 118 2228 1098 2310; baseline -0.002 -18"><span class='ocrx_word' id='word_1_189' title='bbox 118 2231 314 2309; x_wconf 83' lang='lat' dir='ltr'><strong>ignoscundo,</strong></span> <span class='ocrx_word' id='word_1_190' title='bbox 334 2230 403 2292; x_wconf 84' lang='lat' dir='ltr'><strong>Cato</strong></span> <span class='ocrx_word' id='word_1_191' title='bbox 421 2229 492 2290; x_wconf 91' lang='lat' dir='ltr'><strong>nibil</strong></span> <span class='ocrx_word' id='word_1_192' title='bbox 509 2228 661 2308; x_wconf 86' lang='lat' dir='ltr'><strong>largiundo</strong></span> <span class='ocrx_word' id='word_1_193' title='bbox 682 2229 805 2310; x_wconf 89' lang='lat' dir='ltr'><strong>gloriam</strong></span> <span class='ocrx_word' id='word_1_194' title='bbox 822 2231 944 2310; x_wconf 88' lang='lat' dir='ltr'><strong>adeptus</strong></span> <span class='ocrx_word' id='word_1_195' title='bbox 967 2237 1019 2292; x_wconf 88' lang='lat' dir='ltr'><strong>est.</strong></span> <span class='ocrx_word' id='word_1_196' title='bbox 1065 2229 1098 2291; x_wconf 92' lang='lat' dir='ltr'><strong>ln</strong></span> 
     </span>
    </p>

    <p class='ocr_par' dir='ltr' id='par_1_4' title="bbox 90 2313 1128 2729">
     <span class='ocr_line' id='line_1_26' title="bbox 118 2313 1128 2394; baseline -0.005 -20"><span class='ocrx_word' id='word_1_197' title='bbox 118 2313 209 2374; x_wconf 90' lang='lat' dir='ltr'><strong>altero</strong></span> <span class='ocrx_word' id='word_1_198' title='bbox 221 2314 335 2375; x_wconf 88' lang='lat' dir='ltr'><strong>miseris</strong></span> <span class='ocrx_word' id='word_1_199' title='bbox 345 2313 512 2392; x_wconf 76' lang='lat' dir='ltr'><strong>perfugium</strong></span> <span class='ocrx_word' id='word_1_200' title='bbox 524 2320 595 2385; x_wconf 91' lang='lat' dir='ltr'><strong>erat,</strong></span> <span class='ocrx_word' id='word_1_201' title='bbox 610 2316 640 2376; x_wconf 91' lang='lat' dir='ltr'><strong>iu</strong></span> <span class='ocrx_word' id='word_1_202' title='bbox 652 2315 743 2377; x_wconf 91' lang='lat' dir='ltr'><strong>altero</strong></span> <span class='ocrx_word' id='word_1_203' title='bbox 755 2315 838 2377; x_wconf 92' lang='lat' dir='ltr'><strong>malis</strong></span> <span class='ocrx_word' id='word_1_204' title='bbox 852 2316 991 2394; x_wconf 88' lang='lat' dir='ltr'><strong>pernities</strong></span> <span class='ocrx_word' id='word_1_205' title='bbox 1001 2337 1008 2375; x_wconf 91' lang='lat'><strong>:</strong></span> <span class='ocrx_word' id='word_1_206' title='bbox 1020 2313 1128 2376; x_wconf 80' lang='lat' dir='ltr'><strong>illiusra</strong></span> 
     </span>
     <span class='ocr_line' id='line_1_27' title="bbox 90 2395 1098 2465; baseline 0.005 -11"><span class='ocrx_word' id='word_1_207' title='bbox 90 2395 251 2464; x_wconf 75' lang='lat' dir='ltr'><strong>rrectius,</strong></span> <span class='ocrx_word' id='word_1_208' title='bbox 274 2397 361 2458; x_wconf 92' lang='lat' dir='ltr'><strong>buius</strong></span> <span class='ocrx_word' id='word_1_209' title='bbox 383 2400 544 2460; x_wconf 88' lang='lat' dir='ltr'><strong>constantia</strong></span> <span class='ocrx_word' id='word_1_210' title='bbox 556 2399 739 2462; x_wconf 88' lang='lat' dir='ltr'><strong>laudabatur.</strong></span> <span class='ocrx_word' id='word_1_211' title='bbox 770 2400 922 2462; x_wconf 87' lang='lat' dir='ltr'><strong>Postremo</strong></span> <span class='ocrx_word' id='word_1_212' title='bbox 940 2398 1047 2465; x_wconf 79' lang='lat' dir='ltr'><strong>Caesar</strong></span> <span class='ocrx_word' id='word_1_213' title='bbox 1068 2400 1098 2460; x_wconf 90' lang='lat' dir='ltr'><strong>in</strong></span> 
     </span>
     <span class='ocr_line' id='line_1_28' title="bbox 118 2481 1099 2563; baseline 0.002 -21"><span class='ocrx_word' id='word_1_214' title='bbox 118 2481 246 2542; x_wconf 90' lang='lat' dir='ltr'><strong>animum</strong></span> <span class='ocrx_word' id='word_1_215' title='bbox 262 2481 416 2543; x_wconf 85' lang='lat' dir='ltr'><strong>induxerat</strong></span> <span class='ocrx_word' id='word_1_216' title='bbox 430 2481 565 2544; x_wconf 90' lang='lat' dir='ltr'><strong>laborare</strong></span> <span class='ocrx_word' id='word_1_217' title='bbox 582 2484 715 2563; x_wconf 83' lang='lat' dir='ltr'><strong>vigilare,</strong></span> <span class='ocrx_word' id='word_1_218' title='bbox 737 2485 860 2562; x_wconf 91' lang='lat' dir='ltr'><strong>negotiis</strong></span> <span class='ocrx_word' id='word_1_219' title='bbox 877 2485 1039 2545; x_wconf 90' lang='lat' dir='ltr'><strong>amicorum</strong></span> <span class='ocrx_word' id='word_1_220' title='bbox 1054 2485 1099 2544; x_wconf 90' lang='lat' dir='ltr'><strong>in·</strong></span> 
     </span>
     <span class='ocr_line' id='line_1_29' title="bbox 118 2565 1097 2646; baseline 0.004 -22"><span class='ocrx_word' id='word_1_221' title='bbox 118 2569 214 2624; x_wconf 87' lang='lat' dir='ltr'><strong>tentus</strong></span> <span class='ocrx_word' id='word_1_222' title='bbox 235 2582 287 2626; x_wconf 87' lang='lat' dir='ltr'><strong>sua</strong></span> <span class='ocrx_word' id='word_1_223' title='bbox 309 2565 481 2645; x_wconf 87' lang='lat' dir='ltr'><strong>neglegere,</strong></span> <span class='ocrx_word' id='word_1_224' title='bbox 507 2567 577 2628; x_wconf 89' lang='lat' dir='ltr'><strong>nibil</strong></span> <span class='ocrx_word' id='word_1_225' title='bbox 605 2569 749 2646; x_wconf 88' lang='lat' dir='ltr'><strong>denegare</strong></span> <span class='ocrx_word' id='word_1_226' title='bbox 772 2567 850 2645; x_wconf 91' lang='lat' dir='ltr'><strong>quod</strong></span> <span class='ocrx_word' id='word_1_227' title='bbox 871 2567 947 2627; x_wconf 91' lang='lat' dir='ltr'><strong>dono</strong></span> <span class='ocrx_word' id='word_1_228' title='bbox 975 2567 1097 2644; x_wconf 87' lang='lat' dir='ltr'><strong>dignum</strong></span> 
     </span>
     <span class='ocr_line' id='line_1_30' title="bbox 119 2648 1099 2729; baseline 0.003 -20"><span class='ocrx_word' id='word_1_229' title='bbox 119 2653 209 2709; x_wconf 86' lang='lat' dir='ltr'><strong>esset:</strong></span> <span class='ocrx_word' id='word_1_230' title='bbox 235 2649 289 2710; x_wconf 89' lang='lat' dir='ltr'><strong>sibi</strong></span> <span class='ocrx_word' id='word_1_231' title='bbox 309 2668 448 2728; x_wconf 86' lang='lat' dir='ltr'><strong>magnum</strong></span> <span class='ocrx_word' id='word_1_232' title='bbox 463 2653 635 2729; x_wconf 82' lang='lat' dir='ltr'><strong>importum,</strong></span> <span class='ocrx_word' id='word_1_233' title='bbox 658 2650 832 2717; x_wconf 85' lang='lat' dir='ltr'><strong>exercitum,</strong></span> <span class='ocrx_word' id='word_1_234' title='bbox 858 2648 968 2710; x_wconf 91' lang='lat' dir='ltr'><strong>bellum</strong></span> <span class='ocrx_word' id='word_1_235' title='bbox 990 2668 1099 2712; x_wconf 90' lang='lat' dir='ltr'><strong>novom</strong></span> 
     </span>
    </p>

    <p class='ocr_par' dir='ltr' id='par_1_5' title="bbox 93 2731 1158 3150">
     <span class='ocr_line' id='line_1_31' title="bbox 93 2731 1158 2811; baseline 0.005 -17"><span class='ocrx_word' id='word_1_236' title='bbox 93 2731 290 2807; x_wconf 78' lang='lat' dir='ltr'><strong>bexoptabat,</strong></span> <span class='ocrx_word' id='word_1_237' title='bbox 313 2734 364 2795; x_wconf 91' lang='lat' dir='ltr'><strong>ubi</strong></span> <span class='ocrx_word' id='word_1_238' title='bbox 378 2735 468 2794; x_wconf 89' lang='lat' dir='ltr'><strong>virtus</strong></span> <span class='ocrx_word' id='word_1_239' title='bbox 483 2735 643 2794; x_wconf 87' lang='lat' dir='ltr'><strong>enitescere</strong></span> <span class='ocrx_word' id='word_1_240' title='bbox 657 2738 765 2811; x_wconf 90' lang='lat' dir='ltr'><strong>posset.</strong></span> <span class='ocrx_word' id='word_1_241' title='bbox 801 2733 837 2792; x_wconf 77' lang='lat' dir='ltr'><strong>tt</strong></span> <span class='ocrx_word' id='word_1_242' title='bbox 853 2731 953 2792; x_wconf 84' lang='lat' dir='ltr'><strong>Catoni</strong></span> <span class='ocrx_word' id='word_1_243' title='bbox 969 2733 1100 2796; x_wconf 91' lang='lat' dir='ltr'><strong>studium</strong></span> <span class='ocrx_word' id='word_1_244' title='bbox 1111 2758 1134 2799; x_wconf 79' lang='lat' dir='ltr'><strong>eo</strong></span> <span class='ocrx_word' id='word_1_245' title='bbox 1156 2769 1158 2774; x_wconf 96' lang='lat'>·</span> 
     </span>
     <span class='ocr_line' id='line_1_32' title="bbox 118 2813 1101 2888; baseline 0.004 -13"><span class='ocrx_word' id='word_1_246' title='bbox 118 2813 287 2886; x_wconf 87' lang='lat' dir='ltr'><strong>modestiae,</strong></span> <span class='ocrx_word' id='word_1_247' title='bbox 303 2818 427 2888; x_wconf 87' lang='lat' dir='ltr'><strong>decoris,</strong></span> <span class='ocrx_word' id='word_1_248' title='bbox 446 2824 490 2878; x_wconf 91' lang='lat' dir='ltr'><strong>set</strong></span> <span class='ocrx_word' id='word_1_249' title='bbox 504 2834 640 2878; x_wconf 84' lang='lat' dir='ltr'><strong>maxume</strong></span> <span class='ocrx_word' id='word_1_250' title='bbox 654 2816 813 2877; x_wconf 88' lang='lat' dir='ltr'><strong>severitatis</strong></span> <span class='ocrx_word' id='word_1_251' title='bbox 831 2827 907 2877; x_wconf 85' lang='lat' dir='ltr'><strong>erat:</strong></span> <span class='ocrx_word' id='word_1_252' title='bbox 923 2833 983 2876; x_wconf 81' lang='lat' dir='ltr'><strong>nou</strong></span> <span class='ocrx_word' id='word_1_253' title='bbox 995 2814 1101 2879; x_wconf 82' lang='lat' dir='ltr'><strong>divitiis</strong></span> 
     </span>
     <span class='ocr_line' id='line_1_33' title="bbox 120 2899 1100 2980; baseline 0.006 -22"><span class='ocrx_word' id='word_1_254' title='bbox 120 2914 186 2958; x_wconf 91' lang='lat' dir='ltr'><strong>cum</strong></span> <span class='ocrx_word' id='word_1_255' title='bbox 209 2899 294 2960; x_wconf 92' lang='lat' dir='ltr'><strong>divite</strong></span> <span class='ocrx_word' id='word_1_256' title='bbox 316 2920 411 2980; x_wconf 89' lang='lat' dir='ltr'><strong>noque</strong></span> <span class='ocrx_word' id='word_1_257' title='bbox 434 2902 558 2962; x_wconf 83' lang='lat' dir='ltr'><strong>factione</strong></span> <span class='ocrx_word' id='word_1_258' title='bbox 581 2919 648 2962; x_wconf 89' lang='lat' dir='ltr'><strong>cum</strong></span> <span class='ocrx_word' id='word_1_259' title='bbox 669 2900 800 2972; x_wconf 69' lang='lat' dir='ltr'><strong>factioso,</strong></span> <span class='ocrx_word' id='word_1_260' title='bbox 823 2907 868 2961; x_wconf 90' lang='lat' dir='ltr'><strong>set</strong></span> <span class='ocrx_word' id='word_1_261' title='bbox 890 2917 956 2961; x_wconf 94' lang='lat' dir='ltr'><strong>cum</strong></span> <span class='ocrx_word' id='word_1_262' title='bbox 978 2907 1100 2964; x_wconf 89' lang='lat' dir='ltr'><strong>strenuo</strong></span> 
     </span>
     <span class='ocr_line' id='line_1_34' title="bbox 121 2983 1099 3064; baseline 0.009 -24"><span class='ocrx_word' id='word_1_263' title='bbox 121 2983 233 3051; x_wconf 90' lang='lat' dir='ltr'><strong>virtute,</strong></span> <span class='ocrx_word' id='word_1_264' title='bbox 246 3001 312 3044; x_wconf 91' lang='lat' dir='ltr'><strong>oum</strong></span> <span class='ocrx_word' id='word_1_265' title='bbox 325 2986 456 3046; x_wconf 91' lang='lat' dir='ltr'><strong>modesto</strong></span> <span class='ocrx_word' id='word_1_266' title='bbox 468 2985 590 3064; x_wconf 87' lang='lat' dir='ltr'><strong>pudore,</strong></span> <span class='ocrx_word' id='word_1_267' title='bbox 603 3003 668 3046; x_wconf 92' lang='lat' dir='ltr'><strong>cum</strong></span> <span class='ocrx_word' id='word_1_268' title='bbox 681 2986 835 3046; x_wconf 88' lang='lat' dir='ltr'><strong>innocente</strong></span> <span class='ocrx_word' id='word_1_269' title='bbox 847 2984 1017 3046; x_wconf 91' lang='lat' dir='ltr'><strong>abstinentia</strong></span> <span class='ocrx_word' id='word_1_270' title='bbox 1036 3006 1099 3048; x_wconf 88' lang='lat' dir='ltr'><strong>oer-</strong></span> 
     </span>
     <span class='ocr_line' id='line_1_35' title="bbox 118 3064 1100 3150; baseline 0.009 -25"><span class='ocrx_word' id='word_1_271' title='bbox 118 3064 214 3128; x_wconf 86' lang='lat' dir='ltr'><strong>tabat:</strong></span> <span class='ocrx_word' id='word_1_272' title='bbox 235 3084 298 3128; x_wconf 90' lang='lat' dir='ltr'><strong>esse</strong></span> <span class='ocrx_word' id='word_1_273' title='bbox 317 3085 404 3146; x_wconf 85' lang='lat' dir='ltr'><strong>quam</strong></span> <span class='ocrx_word' id='word_1_274' title='bbox 418 3071 509 3131; x_wconf 91' lang='lat' dir='ltr'><strong>videri</strong></span> <span class='ocrx_word' id='word_1_275' title='bbox 523 3069 618 3130; x_wconf 91' lang='lat' dir='ltr'><strong>bonus</strong></span> <span class='ocrx_word' id='word_1_276' title='bbox 633 3068 773 3130; x_wconf 90' lang='lat' dir='ltr'><strong>malebat:</strong></span> <span class='ocrx_word' id='word_1_277' title='bbox 790 3071 845 3139; x_wconf 90' lang='lat' dir='ltr'><strong>ita,</strong></span> <span class='ocrx_word' id='word_1_278' title='bbox 861 3087 919 3148; x_wconf 85' lang='lat' dir='ltr'><strong>quo</strong></span> <span class='ocrx_word' id='word_1_279' title='bbox 935 3071 1030 3131; x_wconf 87' lang='lat' dir='ltr'><strong>minus</strong></span> <span class='ocrx_word' id='word_1_280' title='bbox 1047 3090 1100 3150; x_wconf 90' lang='lat' dir='ltr'><strong>pe·</strong></span> 
     </span>
    </p>

    <p class='ocr_par' dir='ltr' id='par_1_6' title="bbox 15 3148 1132 3489">
     <span class='ocr_line' id='line_1_36' title="bbox 120 3148 1132 3234; baseline 0.01 -25"><span class='ocrx_word' id='word_1_281' title='bbox 120 3149 199 3212; x_wconf 85' lang='lat' dir='ltr'><strong>tabat</strong></span> <span class='ocrx_word' id='word_1_282' title='bbox 221 3148 356 3230; x_wconf 84' lang='lat' dir='ltr'><strong>gloriam,</strong></span> <span class='ocrx_word' id='word_1_283' title='bbox 380 3171 414 3212; x_wconf 90' lang='lat' dir='ltr'><strong>eo</strong></span> <span class='ocrx_word' id='word_1_284' title='bbox 430 3156 522 3232; x_wconf 91' lang='lat' dir='ltr'><strong>magis</strong></span> <span class='ocrx_word' id='word_1_285' title='bbox 541 3153 587 3216; x_wconf 86' lang='lat' dir='ltr'><strong>illa</strong></span> <span class='ocrx_word' id='word_1_286' title='bbox 608 3153 793 3234; x_wconf 85' lang='lat' dir='ltr'><strong>sequebatur.</strong></span> <span class='ocrx_word' id='word_1_287' title='bbox 1108 3178 1132 3219; x_wconf 76' lang='lat' dir='ltr'><strong>es</strong></span> 
     </span>
     <span class='ocr_line' id='line_1_37' title="bbox 15 3235 1098 3318; baseline 0.005 -22"><span class='ocrx_word' id='word_1_288' title='bbox 15 3314 17 3318; x_wconf 23' lang='grc' dir='ltr'>Ι</span> <span class='ocrx_word' id='word_1_289' title='bbox 71 3236 109 3297; x_wconf 83' lang='grc'><strong>55</strong></span> <span class='ocrx_word' id='word_1_290' title='bbox 204 3235 376 3314; x_wconf 87' lang='lat' dir='ltr'><strong>Postquam,</strong></span> <span class='ocrx_word' id='word_1_291' title='bbox 398 3244 432 3297; x_wconf 92' lang='lat' dir='ltr'><strong>ut</strong></span> <span class='ocrx_word' id='word_1_292' title='bbox 448 3238 523 3307; x_wconf 86' lang='lat' dir='ltr'><strong>dixi,</strong></span> <span class='ocrx_word' id='word_1_293' title='bbox 546 3248 664 3301; x_wconf 88' lang='lat' dir='ltr'><strong>senatus</strong></span> <span class='ocrx_word' id='word_1_294' title='bbox 677 3241 707 3300; x_wconf 91' lang='lat' dir='ltr'><strong>in</strong></span> <span class='ocrx_word' id='word_1_295' title='bbox 723 3237 839 3300; x_wconf 79' lang='lat' dir='ltr'><strong>Catonis</strong></span> <span class='ocrx_word' id='word_1_296' title='bbox 853 3240 1024 3300; x_wconf 88' lang='lat' dir='ltr'><strong>sententiam</strong></span> <span class='ocrx_word' id='word_1_297' title='bbox 1041 3240 1098 3300; x_wconf 91' lang='lat' dir='ltr'><strong>dis·</strong></span> 
     </span>
     <span class='ocr_line' id='line_1_38' title="bbox 122 3318 1099 3403; baseline 0.007 -25"><span class='ocrx_word' id='word_1_298' title='bbox 122 3321 215 3387; x_wconf 89' lang='lat' dir='ltr'><strong>cessit,</strong></span> <span class='ocrx_word' id='word_1_299' title='bbox 238 3318 348 3389; x_wconf 91' lang='lat' dir='ltr'><strong>consul,</strong></span> <span class='ocrx_word' id='word_1_300' title='bbox 373 3328 525 3398; x_wconf 91' lang='lat' dir='ltr'><strong>optumum</strong></span> <span class='ocrx_word' id='word_1_301' title='bbox 543 3322 620 3383; x_wconf 83' lang='lat' dir='ltr'><strong>iactu</strong></span> <span class='ocrx_word' id='word_1_302' title='bbox 639 3329 719 3383; x_wconf 90' lang='lat' dir='ltr'><strong>ratus</strong></span> <span class='ocrx_word' id='word_1_303' title='bbox 740 3330 856 3384; x_wconf 86' lang='lat' dir='ltr'><strong>noctem</strong></span> <span class='ocrx_word' id='word_1_304' title='bbox 880 3342 954 3403; x_wconf 87' lang='lat' dir='ltr'><strong>quae</strong></span> <span class='ocrx_word' id='word_1_305' title='bbox 968 3323 1099 3386; x_wconf 75' lang='lat' dir='ltr'><strong>‘instabat</strong></span> 
     </span>
     <span class='ocr_line' id='line_1_39' title="bbox 121 3405 1099 3489; baseline 0.008 -27"><span class='ocrx_word' id='word_1_306' title='bbox 121 3410 295 3481; x_wconf 87' lang='lat' dir='ltr'><strong>antecapere</strong></span> <span class='ocrx_word' id='word_1_307' title='bbox 319 3422 356 3465; x_wconf 92' lang='lat' dir='ltr'><strong>nc</strong></span> <span class='ocrx_word' id='word_1_308' title='bbox 376 3405 445 3483; x_wconf 91' lang='lat' dir='ltr'><strong>quid</strong></span> <span class='ocrx_word' id='word_1_309' title='bbox 467 3423 502 3467; x_wconf 88' lang='lat' dir='ltr'><strong>eo</strong></span> <span class='ocrx_word' id='word_1_310' title='bbox 516 3407 608 3485; x_wconf 92' lang='lat' dir='ltr'><strong>spatio</strong></span> <span class='ocrx_word' id='word_1_311' title='bbox 622 3412 793 3472; x_wconf 89' lang='lat' dir='ltr'><strong>novaretur,</strong></span> <span class='ocrx_word' id='word_1_312' title='bbox 817 3410 954 3469; x_wconf 87' lang='lat' dir='ltr'><strong>tresviros</strong></span> <span class='ocrx_word' id='word_1_313' title='bbox 970 3427 1043 3489; x_wconf 90' lang='lat' dir='ltr'><strong>quae</strong></span> <span class='ocrx_word' id='word_1_314' title='bbox 1062 3410 1099 3470; x_wconf 86' lang='lat' dir='ltr'><strong>ad</strong></span> 
     </span>
    </p>
   </div>
   <div class='ocr_carea' id='block_1_3' title="bbox 0 0 1194 3864">
    <p class='ocr_par' dir='ltr' id='par_1_7' title="bbox 0 0 1194 3864">
     <span class='ocr_line' id='line_1_40' title="bbox 0 0 1194 3864; baseline 0 0"><span class='ocrx_word' id='word_1_315' title='bbox 0 0 1194 3864; x_wconf 95' lang='lat' dir='ltr'><strong> </strong></span> 
     </span>
    </p>
   </div>
  </div>
 </body>
</html>
