2378 3864
225 215 267 255 nn
288 213 462 257 caranisas
486 211 729 256 oonrvnnrrona
751 213 778 254 o.
800 204 867 258 5.d
1018 194 1037 256 8

53 363 165 446 honum
181 364 272 422 otium
287 368 451 432 conterere,
467 378 564 442 neque
578 380 648 422 vero
665 377 769 438 agrum
786 360 908 423 colundo
924 369 972 423 aut
990 382 1023 425 ve

54 447 160 516 nando,
176 445 329 507 servilibus
340 444 452 515 officiis,
468 446 611 508 intentum
623 452 747 508 aetatem
763 461 866 521 agere,
884 453 928 507 set
943 465 959 506 a
976 463 1063 526 quon

58 534 175 608 incepto
196 529 352 610 studioque
373 547 421 591 ma
439 529 557 592 ambitio
579 529 653 590 mala
670 530 849 600 detinuerat,
872 530 976 591 eodem
990 548 1038 592 re·

10 658 12 665 ,
52 631 172 693 gressus
184 615 271 675 statui
282 631 332 675 res
347 621 443 690 gestas
458 613 559 693 populi
570 613 694 676 Romani
706 614 844 691 carptim,
860 620 893 675 ut
905 632 1038 694 quaeque

31 698 195 759 ememoria
207 697 294 774 digna
306 696 488 767 videbantur,
501 697 697 776 perscribere,
711 715 746 757 eo
757 699 859 775 magis
874 700 952 777 quod
967 698 1038 758 mihi

55 802 71 844 a
92 799 159 859 spe,
182 787 277 850 metu,
293 780 427 862 partibus
441 782 484 842 rei
498 781 634 862 publicae
655 784 770 844 animus
792 780 867 842 liber
888 792 960 842 erat.

139 865 230 941 lgitur
253 866 289 926 de
305 864 443 927 Catilinae
458 867 675 936 coniuratione,
699 882 785 946 quarn
808 867 970 927 verissume
984 884 1063 945 po·3

47 958 134 1030 tero,
156 950 257 1026 paucis
279 948 443 1010 absolvam:
464 967 533 1010 nam
554 951 582 1011 id
605 951 719 1012 lacinus
739 950 769 1009 in
785 951 887 1029 primis
902 967 956 1027 ego
972 969 1062 1020 me·4

46 1032 199 1115 ‘morabile
213 1034 356 1094 existumo
371 1033 490 1094 sceleris
502 1040 588 1112 atquo
603 1033 726 1112 periculi
738 1035 874 1094 novitate.
897 1034 940 1095 De
954 1038 1062 1106 euius5

20 1133 45 1173 ιο
54 1117 182 1178 hominis
197 1116 329 1177 moribus
343 1134 437 1196 pauca
448 1119 531 1196 prius
547 1136 601 1196 exp
614 1120 728 1180 ananda
743 1124 811 1177 sunt
822 1135 909 1196 quarn
924 1120 1037 1183 initium

47 1201 197 1274 ,narrandi
219 1200 332 1262 faciam.

139 1285 247 1345 Lucius
269 1283 388 1345 Catilina
410 1283 502 1344 nobili
524 1300 632 1362 genere
650 1292 736 1346 natus
753 1285 821 1353 fuit,
845 1301 951 1360 magna
966 1289 993 1348 vi
1010 1293 1068 1352 ct5

55 1370 144 1430 animi
157 1375 186 1430 et
197 1370 340 1447 corporis,
357 1374 402 1429 set
423 1369 540 1443 ingenio
554 1366 631 1428 malo
646 1386 804 1446 pravoque.
827 1368 903 1429 Huic
917 1369 953 1428 ab
965 1372 1064 1440 adu-2

45 1453 194 1514 lescentia
215 1450 292 1513 bella
313 1453 464 1519 intestina,
487 1451 605 1519 caedes,
629 1453 763 1532 rapinae,
786 1450 930 1512 discordia
948 1454 1039 1515 civilis

20 1553 46 1595 aa
56 1544 141 1615 grata
158 1535 256 1605 luere,
274 1535 373 1614 ibique
388 1537 567 1596 iuventutem
586 1552 669 1596 suam
687 1536 826 1597 exercuit.
859 1535 972 1615 Corpus
986 1555 1063 1615 pag

55 1622 132 1682 tiens
143 1619 271 1690 inediae,
285 1618 409 1696 algoris,
425 1618 538 1696 vigiliae
549 1637 638 1698 supra
650 1637 738 1699 quarn
751 1620 886 1698 cuiquam
898 1619 1038 1681 credibile

57 1711 110 1766 est.
133 1704 255 1764 Animus
269 1702 374 1774 audax,
387 1702 537 1774 subdolus,
549 1705 656 1772 varius,
672 1698 754 1765 cuins
768 1704 812 1763 rei
827 1702 909 1764 lubet
920 1703 1064 1766 simula-4

57 1796 104 1849 tor
125 1805 160 1848 ac
180 1786 392 1848 dissimulator:
414 1788 501 1848 alieni
522 1788 671 1866 adpetens,
693 1788 738 1848 sui
759 1785 907 1866 prolnsus,
931 1788 1038 1848 ardens

57 1874 88 1934 in
105 1869 324 1949 cupiditatibus:
340 1872 410 1933 satis
425 1871 615 1950 eloquentiae,
632 1872 790 1948 sapientiae
804 1887 926 1951 parum:
940 1879 1039 1933 vastus

23 1975 49 2016 ao
58 1957 173 2018 animus
185 1955 376 2025 inmoderata,
394 1953 584 2025 incredibilia,
597 1955 683 2015 nimis
694 1953 750 2016 alta
761 1972 879 2032 semper
892 1954 1037 2034 cupiebat.

58 2041 145 2102 Hunc
160 2045 228 2116 post
244 2039 471 2100 dominationem
486 2039 558 2100 Luci
574 2037 672 2100 Sullae
686 2037 787 2100 lubido
807 2055 944 2098 maxuma
959 2040 1065 2102 inve-d

57 2130 138 2185 serat
158 2124 203 2182 rei
223 2123 359 2200 publicae
382 2123 553 2201 capiundae,
575 2139 671 2201 neque
695 2124 724 2182 id
745 2120 852 2201 quibus
873 2120 968 2181 modis
989 2122 1040 2183 ad·

57 2206 316 2286 sequeretur‚dum
331 2206 386 2267 sibi
399 2222 525 2283 regnum
537 2213 663 2284 pararet,
679 2207 835 2284 quiequam
849 2206 933 2284 pensi
948 2203 1039 2266 habc-

56 2291 118 2352 bat.
136 2289 307 2364 Agitabatur
321 2290 414 2365 magis
428 2291 579 2367 magisque
589 2291 619 2348 in
639 2289 700 2349 dies
717 2289 831 2350 animus
846 2288 929 2350 ferox
941 2290 1065 2367 inopiar

23 2376 102 2436 aerei
118 2370 268 2432 familiaris
284 2379 312 2431 et
326 2373 501 2432 conscientia
517 2370 677 2439 scelerum,
699 2386 773 2450 quae
789 2379 914 2450 utraque
936 2373 977 2432 eis
991 2390 1039 2433 ar·

57 2458 137 2518 tibus
156 2460 290 2523 auxerat,
315 2472 387 2534 quas
408 2470 498 2532 supra
519 2455 687 2514 memoravi.
710 2454 1065 2531 Incitabantpraetereas

59 2540 197 2619 conrupti
220 2540 341 2600 civitatis
361 2555 474 2607 mores,
494 2553 567 2617 quos
585 2551 721 2616 pessuma
737 2553 772 2596 ac
786 2535 901 2596 divorsa
916 2537 992 2597 inter
1007 2554 1040 2598 se

59 2624 145 2694 mala,
169 2623 284 2684 larnaria
305 2630 393 2702 atque
411 2622 538 2691 avaritia,
562 2620 715 2681 vexabant.

144 2708 203 2768 Res
217 2709 279 2784 ipsa
294 2708 406 2768 hortari
421 2705 551 2774 ridetur,
570 2705 706 2784 quoniam
718 2705 754 2765 de
768 2701 900 2764 moribus
916 2704 1066 2768 civitatise

24 2802 175 2871 sotempus
196 2791 361 2863 admonuit,
382 2808 472 2868 supra
486 2797 622 2868 repetere
640 2807 674 2849 ac
690 2789 792 2868 paucis
805 2788 935 2849 instituta
948 2789 1040 2850 maio·
1071 2792 1073 2797 '

60 2896 127 2939 rum
151 2877 229 2937 domi
243 2875 428 2954 militiaeque,
452 2893 510 2953 quo
529 2872 616 2934 modo
631 2890 694 2933 rem
712 2870 858 2950 publicam
882 2871 1041 2933 habuerint

61 2967 258 3040 quantamque
279 2958 467 3038 reliquerint,
489 2965 522 3019 ut
537 2955 675 3036 paulatim
691 2957 831 3016 inmutata
852 2974 887 3016 ex
900 2955 1040 3034 pulcher·

60 3063 145 3106 ruma
168 3050 255 3119 atque
280 3050 402 3120 optuma
422 3059 558 3120 pessuma
587 3057 621 3101 ac
641 3039 873 3117 flagitiosissuma
896 3038 971 3099 iacta
993 3040 1038 3108 sit,

62 3129 215 3190 disserere.
503 3151 505 3155 ¹

26 3237 52 3278 oe
145 3211 257 3273 Urbem
281 3211 419 3280 Romam,
445 3210 530 3269 sicuti
552 3209 740 3285 egoaccepi,
771 3205 929 3267 condidere
952 3201 1070 3284 atqued

62 3295 195 3358 habuere
210 3296 290 3356 initio
307 3294 435 3364 Troiani,
458 3294 506 3371 qui
522 3294 618 3353 tenea
634 3293 708 3352 duce
723 3289 841 3370 profugi
857 3287 976 3350 sedibus
994 3289 1039 3348 in·

63 3385 152 3442 certis
165 3378 357 3456 vagabantur,
374 3393 499 3456 eumque
518 3378 558 3437 eis
574 3375 757 3451 Aborigines,
780 3391 874 3450 genus
887 3371 1038 3433 hominum

62 3468 190 3542 agreste,
211 3464 274 3525 sine
288 3462 413 3540 legibus,
436 3461 498 3521 sine
512 3459 647 3538 imperio,
659 3458 784 3519 liberum
800 3462 887 3536 atque
901 3455 1041 3517 solutum.

854 3558 898 3616 X*
