2378 3864
306 194 348 235 nu
368 192 472 236 aucto
496 191 695 236 rvovurmuo
716 191 743 234 o.
766 183 810 239 63.
830 183 874 238 ot.
1041 177 1082 236 77

183 341 234 403 Set
256 341 282 402 is
302 347 389 402 uatus
410 348 439 402 et
463 359 580 402 omnem
603 343 758 421 pueritiam
785 342 887 420 Arpini
912 340 1000 412 altus,
1029 343 1106 408 ubis

96 428 227 506 primum
241 432 320 486 aetas
340 423 457 486 militiae
471 426 585 504 patiens
598 427 661 496 luit,
679 425 830 505 stipendiis
844 425 997 496 faciundis,
1020 445 1080 488 nou

97 511 212 572 Graeca
232 508 367 570 facundia
381 527 478 588 neque
493 509 615 571 urbanis
628 510 778 572 munditiis
791 527 857 571 sese
874 511 1020 572 exercuit:
1041 513 1081 572 ita

95 596 174 655 iuter
195 593 265 654 artis
286 590 379 653 bonas
394 594 541 671 integrum
563 595 714 672 ingenium
734 593 817 655 brevi
836 591 967 654 adolevit
1000 594 1106 673 Ergoa

76 677 148 740 subi
164 677 294 755 primum
308 675 488 738 tribunatum
502 677 658 740 militarem
673 698 690 740 a
703 677 813 758 populo
827 678 915 757 petit,
932 677 1080 757 plerisque

96 761 203 823 laeiem
223 760 286 822 eius
302 761 505 838 ignorantibus
527 760 611 823 factis
623 769 712 824 notus
731 779 787 840 per
808 762 904 822 omnis
921 761 1016 823 tribus
1029 762 1080 824 de·

97 845 236 908 claretur.
275 844 386 906 Deinde
412 845 449 906 ab
471 864 506 908 eo
521 849 692 924 magistratu
718 845 807 907 alium
828 851 895 923 post
915 845 1004 907 alium
1024 846 1107 910 sibit>

95 931 225 1009 peperit,
254 946 429 1007 semperque
457 931 488 991 iu
507 931 700 1009 potestatibus
724 949 759 992 eo
780 930 868 990 modo
890 930 1026 1007 agitabat,
1050 940 1082 992 ut

96 1013 239 1091 ampliore
257 1031 344 1091 quam
357 1013 480 1090 gerebat
494 1015 601 1092 dignus
618 1014 789 1076 baberetur.
822 1014 935 1076 Tamen
957 1015 1033 1076 ised
1050 1016 1106 1081 ido

65 1097 230 1158 rolocorum
246 1096 311 1157 talis
324 1098 368 1158 vir
390 1131 424 1142 -
445 1116 514 1158 uam
537 1108 637 1176 postea
652 1099 811 1161 ambitione
829 1114 973 1177 praeceps
996 1098 1082 1161 datus

95 1188 139 1242 est
162 1215 210 1251 -,
225 1185 409 1243 cmuulotum
423 1183 562 1259 adpetere
583 1200 642 1243 non
663 1183 799 1244 audebat.
835 1182 993 1244 Etiamtum
1009 1184 1081 1245 alios

95 1266 282 1343 magistratus
294 1264 405 1342 plebes,
429 1265 612 1328 consulatum
625 1266 761 1328 nobilitas
773 1266 850 1327 inter
865 1285 898 1328 se
911 1283 966 1343 per
976 1285 1081 1329 manus

95 1348 237 1410 tradebat.
268 1348 364 1410 Nouos
380 1367 467 1411 nemo
483 1357 542 1411 mm
559 1350 656 1411 clarus
669 1369 765 1429 neque
780 1359 840 1412 tam
854 1351 981 1429 egregiis
997 1350 1105 1412 lactisr

95 1441 173 1502 erat,
188 1435 258 1511 quin
271 1435 296 1494 is
306 1434 443 1509 indignus
454 1434 503 1496 illo
514 1434 628 1496 honore
638 1445 667 1495 et
678 1436 760 1513 quasi
771 1434 899 1513 pollutus
909 1433 1078 1495 baberetur.

63 1536 86 1577 aa
163 1517 257 1597 Igitur
267 1517 320 1576 ubi
330 1517 439 1578 Marius
450 1518 613 1596 haruspicis
627 1518 704 1580 dicta
719 1519 822 1580 eodem
833 1519 986 1579 intendere
1003 1519 1081 1580 ridet
1091 1516 1128 1579 ot

95 1619 154 1680 quo
169 1601 277 1679 cupido
292 1603 380 1662 animi
395 1601 576 1672 hortabatur,
590 1602 627 1663 ab
639 1601 754 1664 Metello
768 1602 890 1679 petundi
904 1602 996 1681 gratia
1011 1604 1079 1663 mis·

94 1687 208 1746 sionem
230 1693 325 1763 rogat.
370 1685 422 1746 Cui
450 1704 628 1766 quamquam
648 1689 741 1750 virtus
761 1687 854 1765 gloria
876 1685 931 1748 alia
952 1687 1079 1764 optanda

94 1769 181 1830 bonis
202 1768 390 1847 superabant,
406 1777 504 1830 tamen
524 1771 620 1832 inerat
642 1779 827 1850 contemptor
844 1773 958 1832 animus
980 1778 1009 1831 et
1029 1789 1078 1833 su·

94 1853 214 1931 perbia,
232 1870 387 1915 commuue
397 1852 554 1915 nobilitatis
565 1855 685 1917 malum.
717 1856 834 1938 ‘ltaque
857 1856 987 1933 primum
1009 1863 1104 1912 con-2

62 1945 192 2000 amotus
214 1935 334 1998 insolita
360 1955 395 1997 re
416 1940 518 2002 mirari
534 1940 596 2000 eins
612 1938 780 2010 consilium,
794 1946 823 2002 et
838 1942 921 2018 quasi
936 1955 991 2016 per
1008 1940 1079 1999 arui·

94 2024 192 2083 citiam
213 2038 335 2082 monere
353 2039 392 2082 ne
411 2031 471 2082 tam
491 2040 580 2099 prava
597 2025 741 2102 inciperet
754 2041 813 2087 ueu
826 2041 917 2102 super
930 2021 1080 2083 lortuuam

93 2107 226 2166 animum
241 2112 372 2182 gereret:
388 2123 448 2166 non
463 2109 560 2167 omnia
574 2108 710 2169 omnibus
722 2108 868 2186 cupiunda
879 2125 955 2176 esse,
970 2105 1080 2168 debere

93 2189 134 2250 illi
155 2207 206 2250 res
225 2205 294 2248 suas
315 2191 386 2250 satis
410 2188 543 2267 placere:
572 2199 721 2269 postremo
744 2199 862 2253 caveret
887 2191 917 2252 id
938 2198 1040 2268 petere
1061 2209 1078 2251 a

92 2271 204 2351 poprdo
222 2271 371 2342 Romano,
393 2274 472 2351 quod
493 2273 534 2333 illi
554 2276 618 2336 iure
632 2282 800 2353 negaretur.
831 2275 990 2354 Postquam
1006 2274 1105 2336 bacca

62 2378 83 2418 aa
94 2363 183 2435 atquo
202 2355 259 2418 alia
270 2356 337 2418 talia
353 2357 424 2417 dixit
439 2375 535 2435 neque
546 2360 661 2420 animus
675 2359 749 2419 Mari
763 2358 905 2428 flectitur,
919 2359 1080 2434 respondit

93 2441 145 2502 ubi
157 2441 285 2520 primum
296 2442 438 2519 potuisset
447 2458 502 2519 per
513 2444 629 2520 ucgotia
639 2442 757 2520 publica
768 2444 915 2504 facturum
927 2460 992 2504 sese
1003 2460 1079 2520 quae

91 2532 217 2602 peteret.
250 2524 292 2585 Ao
305 2531 407 2602 postea
423 2528 538 2604 saepius
554 2525 657 2586 eadem
672 2527 831 2604 postulanti
845 2526 938 2587 lertur
954 2525 1104 2589 dixissete

92 2627 130 2670 ne
149 2608 302 2670 festinaret
316 2608 413 2671 abiret
433 2611 501 2670 satis
522 2617 637 2672 mature
659 2610 739 2672 illum
762 2628 829 2672 cum
851 2610 910 2671 lilio
931 2628 985 2672 suo
1007 2628 1077 2670 oon·

92 2693 221 2755 sudatum
242 2697 410 2770 petiturum.
444 2693 472 2754 ls
489 2712 524 2755 eo
541 2702 673 2774 tempore
695 2695 888 2758 contubernio
910 2696 1001 2772 patris
1023 2694 1077 2756 ibi·

60 2779 162 2841 odem
183 2775 339 2846 militabat,
360 2795 453 2838 anuos
472 2786 558 2840 natus
578 2780 695 2841 oboitcr
707 2781 815 2860 viginti.
859 2780 940 2851 Quae
955 2798 1004 2841 res
1017 2780 1077 2840 Ma·

91 2864 170 2924 rium
193 2879 261 2922 cum
283 2879 338 2939 pro
360 2860 474 2924 bonore
512 2881 600 2941 quem
615 2864 793 2934 adfectabat,
816 2873 879 2926 tum
897 2875 998 2926 contra
1017 2864 1077 2925 Me·

91 2945 194 3009 tellum
209 2945 398 3008 vehementer
411 2947 597 3010 adcenderat.
629 2949 671 3009 lta
687 2950 823 3028 cupidine
837 2962 925 3028 atque
938 2952 991 3019 ira,
1010 2962 1103 3027 pes-o

91 3032 183 3094 sumis
199 3029 424 3099 consultoribus,
440 3034 576 3108 grassari,
599 3050 695 3112 neque
711 3035 787 3095 lacto
808 3035 867 3096 rdlo
885 3051 982 3114 neque
997 3034 1075 3094 dicto

92 3115 256 3186 abstinere,
278 3115 357 3194 quod
378 3114 466 3175 modo
488 3117 673 3180 ambitiosum
690 3120 781 3189 loret,
803 3119 909 3180 milites
925 3117 1030 3198 quibus
1045 3119 1075 3176 in

60 3198 226 3260 cohibernis
239 3209 377 3277 praeerat
390 3199 501 3260 laxiore
507 3202 631 3279 imperio
646 3220 735 3280 quam
749 3214 834 3264 autea
852 3203 977 3272 habere,
998 3201 1077 3278 apud

91 3285 299 3363 negotiatores,
320 3301 447 3362 quorum
468 3303 573 3364 magna
591 3285 745 3348 multitudo
763 3287 862 3349 Uticae
885 3294 961 3357 erat,
977 3286 1075 3346 crimi-

92 3385 165 3430 uose
184 3367 270 3430 simul
285 3378 315 3432 et
327 3368 480 3448 magnifice
495 3369 622 3432 debello
636 3369 731 3450 loqui:
750 3373 866 3433 dimidia
880 3388 950 3449 pars
964 3370 1076 3431 exerci-

92 3459 141 3515 tus
152 3455 178 3514 si
188 3452 244 3514 sibi
256 3455 486 3533 permitteretur,
500 3456 602 3538 paneis
616 3456 720 3519 diebus
736 3455 906 3536 Iugurtham
921 3457 950 3516 in
966 3455 1076 3516 catenis
1151 3469 1153 3474 ·
