2378 3864
142 185 201 247 116
409 197 590 242 onnntouns
609 199 649 240 nn
674 198 853 242 reseruntur

140 368 205 412 rem
218 347 366 429 publicam
377 346 442 409 luso
454 345 612 423 sanguinei
627 347 734 411 Fessus
745 347 904 410 scribundo
916 344 1119 424 mittundoque

140 440 252 511 ,egatus
274 433 368 493 omnis
389 447 459 509 opes
474 435 502 491 et
520 447 587 507 spes
608 434 735 509 privatas
754 449 834 493 meas
852 430 1030 510 consumpsi,
1054 446 1120 490 cum

142 519 258 579 interim
278 534 294 576 a
313 515 395 576 vobis
415 531 469 593 pen
490 513 649 576 triennium
668 518 715 576 vix
742 532 856 577 annuus
878 519 1014 592 sumptus
1037 512 1119 574 datus

108 608 195 668 aest.
214 600 272 662 Per
294 599 365 660 deos
384 594 557 666 inmortalis,
579 604 680 661 utrum
703 599 827 661 censetis
843 616 892 659 me
911 598 1007 658 vicem
1027 597 1120 658 aerari

141 692 301 765 praestare,
319 701 356 743 an
374 683 535 743 exercitum
554 681 617 743 siue
634 683 782 744 frumento
799 690 828 744 et
845 680 990 759 stipendio
1011 679 1137 742 haberer

108 787 124 834 4
141 769 246 848 pessel
284 765 426 844 Equidem
447 765 541 826 lateor
557 782 605 826 me
626 766 663 828 ad
684 764 870 828 bochellum
890 765 1003 825 maiore
1026 763 1121 843 studio

142 870 230 931 quam
248 848 367 912 consilio
381 847 561 927 proiectum:
584 851 692 929 quippe
707 851 757 929 qui
777 850 896 912 nomine
916 847 1007 909 modo
1014 849 1121 926 imperi

142 956 158 997 a
179 934 261 996 vobis
283 940 403 1011 accepto
420 931 523 993 diebus
542 933 733 1010 quadraginta
755 934 916 995 exercitum
935 932 1046 1010 paravi,
1070 931 1120 991 ho·

142 1020 252 1097 stisque
281 1020 311 1078 in
334 1015 496 1078 cervicibus
522 1017 580 1077 iam
609 1015 707 1079 ltaliae
735 1017 847 1094 agentis
872 1015 910 1077 ab
941 1014 1066 1092 Alpibus
1092 1016 1120 1074 iu

142 1103 309 1178 Hispaniam
340 1099 481 1160 submovi.
522 1099 579 1160 Per
601 1118 651 1162 eas
671 1102 727 1162 iter
755 1100 833 1163 aliud
855 1106 943 1178 atque
963 1096 1120 1173 Hannibal,
1128 1112 1148 1152 tt

109 1184 440 1261 snobisopportuuius
457 1184 593 1263 patefeci.
616 1182 728 1259 Recepi
740 1181 862 1265 Galliam
874 1183 1120 1267 Pyrenaeumla-

144 1270 286 1330 eetaniam
305 1267 451 1346 Indigetis,
473 1274 502 1328 et
522 1268 650 1346 primum
667 1269 798 1345 inpetum
810 1266 924 1328 Sertori
932 1267 1057 1327 ,victoris
1071 1283 1120 1327 no·

143 1354 185 1413 vis
199 1350 338 1412 militibus
356 1357 384 1411 et
401 1349 493 1411 multo
508 1350 695 1428 paucioribus
715 1353 843 1414 sustinui
869 1349 1059 1430 hiememque
1076 1367 1120 1410 ca·

144 1437 211 1496 stris
237 1438 313 1498 inter
333 1435 526 1496 saevissumos
547 1435 647 1504 hostis,
674 1452 733 1495 non
760 1452 815 1513 per
839 1432 946 1512 oppida
967 1449 1067 1513 neque
1089 1452 1121 1494 ex

110 1519 301 1588 cambitione
318 1535 384 1579 mea
402 1521 458 1596 egi.
494 1516 570 1588 Quid
595 1518 702 1580 demde
723 1516 834 1597 proelia
856 1523 906 1579 aut
925 1517 1149 1596 expeditionesu

145 1604 297 1673 hibernas,
328 1601 433 1680 oppida
462 1603 558 1663 excisa
582 1609 631 1664 aut
656 1608 775 1680 recepta
794 1600 985 1663 enumeremi
1008 1600 1121 1681 quando

145 1705 193 1748 res
214 1686 280 1766 plus
298 1685 374 1747 valet
395 1704 483 1764 quam
505 1685 603 1748 verba.
643 1685 743 1747 Castra
766 1686 894 1746 hostium
915 1684 995 1764 apud
1017 1685 1121 1747 Sucro·

145 1788 212 1830 nem
226 1777 309 1848 capta
323 1776 352 1830 et
368 1770 513 1848 proelium
531 1769 609 1847 apud
624 1768 734 1831 flumen
750 1769 870 1831 Turiam
880 1774 910 1830 et
921 1768 982 1830 dux·
997 1768 1121 1831 hostium

146 1852 353 1914 G.Herennius
368 1870 436 1913 cum
450 1851 525 1914 urbe
537 1851 664 1914 Valentia
679 1861 709 1914 et
718 1854 849 1914 exercitu
863 1849 951 1913 deleti
964 1853 1035 1915 satis
1047 1851 1122 1915 clara

146 1935 226 1996 vobis
240 1942 322 1996 suut:
341 1952 397 2014 pro
420 1937 499 2014 quis,
523 1954 540 1996 ο
557 1939 632 2013 grati
652 1943 760 2015 patres,
784 1941 944 2013 egestatem
964 1941 996 1997 et
1017 1937 1149 1999 tameme

145 2019 274 2080 redditis.
296 2018 398 2098 ltaque
413 2037 480 2080 meo
498 2027 526 2081 et
539 2020 667 2081 hostium
689 2021 831 2082 exercitui
847 2035 902 2099 par
915 2018 1046 2081 conditio
1067 2028 1121 2082 est:

112 2121 126 2169 7
146 2121 272 2182 namque
291 2103 467 2180 stipendium
479 2104 577 2165 neutri
592 2104 693 2165 datur:
714 2105 806 2165 victor
826 2111 951 2183 uterque
963 2103 996 2163 in
1015 2103 1123 2165 ltaliam

113 2200 129 2252 8
147 2189 245 2249 venire
267 2192 371 2264 potest.
395 2187 479 2258 Quod
494 2204 549 2264 ego
564 2205 615 2248 vos
632 2204 738 2249 moneo
756 2203 923 2268 quaesoque
943 2192 977 2248 nt
997 2188 1122 2249 animod-

147 2273 274 2338 vortatis,
295 2287 353 2330 neu
373 2272 482 2348 cogatis
495 2270 716 2333 necessitatibus
727 2271 861 2351 privatim
875 2269 947 2331 mibi
959 2270 1121 2335 considere.

113 2353 315 2431 ollispaniam
335 2354 517 2424 citeriorem,
541 2373 598 2433 qua
619 2372 679 2416 non
704 2355 741 2416 ab
764 2354 897 2415 hostibus
916 2359 1051 2426 tenetur,
1073 2372 1147 2415 noso

148 2443 197 2498 aut
217 2437 364 2499 Sertorius
385 2437 422 2498 ad
448 2439 678 2500 internecionem
698 2439 871 2500 vastavimus
895 2443 1016 2516 praeter
1038 2440 1123 2501 mnri-

147 2529 243 2582 tumas
258 2521 393 2591 civitates,
410 2519 488 2582 ultro
503 2522 588 2583 nobis
604 2523 733 2607 sumptui
751 2522 900 2600 onerique.
930 2519 1024 2584 Gallia
1041 2541 1123 2602 supe·

148 2607 226 2666 riore
247 2621 324 2665 anno
347 2603 455 2666 Metelli
477 2607 638 2668 exereitum
658 2605 801 2683 stipendio
823 2605 1032 2684 frumentoque
1059 2606 1124 2669 oluit

149 2696 176 2748 et
197 2705 277 2749 nunc
297 2687 380 2748 malis
400 2687 545 2749 fructibus
566 2691 628 2767 ipsa
648 2690 695 2749 vix
717 2690 813 2766 agitat.
836 2688 899 2768 Ego
920 2705 981 2749 non
1001 2707 1067 2753 rem
1085 2690 1123 2752 la·

102 2787 131 2841 ιο
149 2771 291 2832 miliarem
308 2771 405 2842 modo,
428 2775 631 2834 verumetiam
649 2771 737 2834 fidem
752 2773 929 2851 consumpsi.
951 2770 1067 2838 Relieui
1080 2789 1148 2836 vose

150 2855 236 2915 estis:
259 2857 309 2933 qui
330 2855 385 2916 nisi
399 2855 567 2926 subvenitis,
587 2857 676 2917 invito
704 2862 733 2916 et
759 2855 946 2933 praedicente
973 2874 1024 2921 nne
1045 2875 1125 2921 exer·

151 2940 224 2998 citus
245 2936 313 2998 hine
336 2946 364 2998 et
388 2957 455 3000 oum
484 2957 518 2999 eo
541 2958 627 3001 omne
653 2938 763 3001 bellum
791 2939 946 3020 Hispaniae
966 2940 997 3002 in
1017 2940 1126 3005 lutiam

152 3020 413 3099 transgredientur.
658 3048 667 3055 ·

362 3154 462 3216 Oratio
483 3158 585 3220 Moeri
600 3159 667 3219 trib.
683 3159 763 3235 pleb.
785 3157 829 3218 ad
841 3147 921 3234 pleb.

553 3257 598 3320 (n.
616 3258 658 3310 111
675 3256 727 3322 or).

118 3374 131 3425 l
234 3357 265 3418 Si
303 3355 443 3426 Quirites,
466 3372 570 3433 parum
593 3359 820 3428 existumaretis,
859 3357 928 3436 quid
952 3358 1032 3421 inter
1047 3361 1093 3423 ius
1112 3374 1152 3420 oo

150 3439 310 3502 maioribus
327 3440 462 3502 relictum
482 3439 564 3502 vobis
585 3449 614 3503 et
632 3442 689 3503 boc
707 3459 724 3502 a
740 3440 820 3503 Sulla
833 3447 968 3520 paratum
980 3445 1127 3507 muntium
