<?xml version="1.0" encoding="UTF-8"?>
<!DOCTYPE html PUBLIC "-//W3C//DTD XHTML 1.0 Transitional//EN"
    "http://www.w3.org/TR/xhtml1/DTD/xhtml1-transitional.dtd">
<html xmlns="http://www.w3.org/1999/xhtml" xml:lang="en" lang="en">
 <head>
  <title>
</title>
<meta http-equiv="Content-Type" content="text/html;charset=utf-8" />
  <meta name='ocr-system' content='tesseract 3.04.00' />
  <meta name='ocr-capabilities' content='ocr_page ocr_carea ocr_par ocr_line ocrx_word'/>
</head>
<body>
  <div class='ocr_page' id='page_1' title='image "./gaisallusticris00jugugoog_0072.png"; bbox 0 0 2384 3864; ppageno 0'>
   <div class='ocr_carea' id='block_1_1' title="bbox 195 166 1002 235">
    <p class='ocr_par' dir='ltr' id='par_1_1' title="bbox 195 166 1002 235">
     <span class='ocr_line' id='line_1_1' title="bbox 195 166 1002 235; baseline 0.005 -13"><span class='ocrx_word' id='word_1_1' title='bbox 195 181 240 223; x_wconf 81' lang='lat' dir='ltr'>oa</span> <span class='ocrx_word' id='word_1_2' title='bbox 259 180 362 225; x_wconf 76' lang='lat' dir='ltr'>nanno</span> <span class='ocrx_word' id='word_1_3' title='bbox 385 179 588 235; x_wconf 77' lang='lat' dir='ltr'>ruoverruuo</span> <span class='ocrx_word' id='word_1_4' title='bbox 610 181 638 224; x_wconf 89' lang='lat' dir='ltr'>c.</span> <span class='ocrx_word' id='word_1_5' title='bbox 660 174 703 228; x_wconf 80' lang='lat' dir='ltr'>ao.</span> <span class='ocrx_word' id='word_1_6' title='bbox 725 175 769 227; x_wconf 77' lang='lat'>21.</span> <span class='ocrx_word' id='word_1_7' title='bbox 791 174 835 227; x_wconf 75' lang='lat' dir='ltr'>aa.</span> <span class='ocrx_word' id='word_1_8' title='bbox 964 166 1002 226; x_wconf 81' lang='lat' dir='ltr'>bl</span> 
     </span>
    </p>
   </div>
   <div class='ocr_carea' id='block_1_2' title="bbox 35 327 1077 3591">
    <p class='ocr_par' dir='ltr' id='par_1_2' title="bbox 35 327 1077 2405">
     <span class='ocr_line' id='line_1_2' title="bbox 35 327 1004 409; baseline 0.003 -19"><span class='ocrx_word' id='word_1_9' title='bbox 35 329 65 404; x_wconf 70' lang='lat' dir='ltr'>ris</span> <span class='ocrx_word' id='word_1_10' title='bbox 84 345 176 407; x_wconf 80' lang='lat' dir='ltr'>quam</span> <span class='ocrx_word' id='word_1_11' title='bbox 189 327 322 391; x_wconf 86' lang='lat' dir='ltr'>Numidis</span> <span class='ocrx_word' id='word_1_12' title='bbox 337 329 431 391; x_wconf 77' lang='lat' dir='ltr'>natm</span> <span class='ocrx_word' id='word_1_13' title='bbox 444 337 521 401; x_wconf 87' lang='lat' dir='ltr'>arat,</span> <span class='ocrx_word' id='word_1_14' title='bbox 542 329 654 409; x_wconf 87' lang='lat' dir='ltr'>legatos</span> <span class='ocrx_word' id='word_1_15' title='bbox 672 329 709 390; x_wconf 84' lang='lat' dir='ltr'>ad</span> <span class='ocrx_word' id='word_1_16' title='bbox 723 329 895 409; x_wconf 80' lang='lat' dir='ltr'>Iugurtham</span> <span class='ocrx_word' id='word_1_17' title='bbox 910 331 946 393; x_wconf 93' lang='lat' dir='ltr'>de</span> <span class='ocrx_word' id='word_1_18' title='bbox 960 333 1004 392; x_wconf 92' lang='lat' dir='ltr'>in·</span> 
     </span>
     <span class='ocr_line' id='line_1_3' title="bbox 35 410 1005 492; baseline 0.003 -19"><span class='ocrx_word' id='word_1_19' title='bbox 35 410 102 473; x_wconf 78' lang='lat' dir='ltr'>ariis</span> <span class='ocrx_word' id='word_1_20' title='bbox 125 417 262 492; x_wconf 81' lang='lat' dir='ltr'>questum</span> <span class='ocrx_word' id='word_1_21' title='bbox 281 413 367 474; x_wconf 83' lang='lat' dir='ltr'>misit.</span> <span class='ocrx_word' id='word_1_22' title='bbox 391 410 449 486; x_wconf 80' lang='lat' dir='ltr'>Qui</span> <span class='ocrx_word' id='word_1_23' title='bbox 464 416 579 476; x_wconf 82' lang='lat' dir='ltr'>tametsi</span> <span class='ocrx_word' id='word_1_24' title='bbox 600 413 809 476; x_wconf 87' lang='lat' dir='ltr'>contumeliosa</span> <span class='ocrx_word' id='word_1_25' title='bbox 820 415 898 479; x_wconf 85' lang='lat' dir='ltr'>dicta</span> <span class='ocrx_word' id='word_1_26' title='bbox 911 425 1005 477; x_wconf 88' lang='lat' dir='ltr'>rettu-</span> 
     </span>
     <span class='ocr_line' id='line_1_4' title="bbox 35 497 1004 578; baseline 0.002 -21"><span class='ocrx_word' id='word_1_27' title='bbox 35 505 129 573; x_wconf 84' lang='lat' dir='ltr'>oraut,</span> <span class='ocrx_word' id='word_1_28' title='bbox 158 497 243 576; x_wconf 86' lang='lat' dir='ltr'>prius</span> <span class='ocrx_word' id='word_1_29' title='bbox 263 502 362 559; x_wconf 67' lang='lat' dir='ltr'>nmen</span> <span class='ocrx_word' id='word_1_30' title='bbox 380 498 479 559; x_wconf 89' lang='lat' dir='ltr'>omnia</span> <span class='ocrx_word' id='word_1_31' title='bbox 491 499 552 577; x_wconf 88' lang='lat' dir='ltr'>pati</span> <span class='ocrx_word' id='word_1_32' title='bbox 572 497 701 560; x_wconf 84' lang='lat' dir='ltr'>decrevit</span> <span class='ocrx_word' id='word_1_33' title='bbox 727 516 814 578; x_wconf 90' lang='lat' dir='ltr'>quam</span> <span class='ocrx_word' id='word_1_34' title='bbox 829 497 940 559; x_wconf 83' lang='lat' dir='ltr'>bobum</span> <span class='ocrx_word' id='word_1_35' title='bbox 955 516 1004 559; x_wconf 90' lang='lat' dir='ltr'>su·</span> 
     </span>
     <span class='ocr_line' id='line_1_5' title="bbox 35 580 1031 660; baseline 0.003 -20"><span class='ocrx_word' id='word_1_36' title='bbox 35 596 118 649; x_wconf 90' lang='lat' dir='ltr'>nere,</span> <span class='ocrx_word' id='word_1_37' title='bbox 144 580 213 658; x_wconf 89' lang='lat' dir='ltr'>quia</span> <span class='ocrx_word' id='word_1_38' title='bbox 241 587 415 659; x_wconf 83' lang='lat' dir='ltr'>temptatum</span> <span class='ocrx_word' id='word_1_39' title='bbox 434 589 519 644; x_wconf 87' lang='lat' dir='ltr'>antea</span> <span class='ocrx_word' id='word_1_40' title='bbox 541 599 627 643; x_wconf 88' lang='lat' dir='ltr'>secus</span> <span class='ocrx_word' id='word_1_41' title='bbox 657 587 794 643; x_wconf 81' lang='lat' dir='ltr'>cesserat.</span> <span class='ocrx_word' id='word_1_42' title='bbox 845 581 947 660; x_wconf 83' lang='lat' dir='ltr'><strong>Neque</strong></span> <span class='ocrx_word' id='word_1_43' title='bbox 969 595 1031 643; x_wconf 82' lang='lat' dir='ltr'>eoo</span> 
     </span>
     <span class='ocr_line' id='line_1_6' title="bbox 35 662 1003 744; baseline 0.003 -20"><span class='ocrx_word' id='word_1_44' title='bbox 35 662 114 740; x_wconf 80' lang='lat' dir='ltr'>uagis</span> <span class='ocrx_word' id='word_1_45' title='bbox 129 663 238 741; x_wconf 85' lang='lat' dir='ltr'>cupido</span> <span class='ocrx_word' id='word_1_46' title='bbox 251 663 412 744; x_wconf 75' lang='lat' dir='ltr'>Iugurthae</span> <span class='ocrx_word' id='word_1_47' title='bbox 427 665 623 734; x_wconf 88' lang='lat' dir='ltr'>minuebatur,</span> <span class='ocrx_word' id='word_1_48' title='bbox 643 667 751 744; x_wconf 79' lang='lat' dir='ltr'>quippe</span> <span class='ocrx_word' id='word_1_49' title='bbox 767 667 817 744; x_wconf 91' lang='lat' dir='ltr'>qui</span> <span class='ocrx_word' id='word_1_50' title='bbox 831 673 924 727; x_wconf 90' lang='lat' dir='ltr'>toturn</span> <span class='ocrx_word' id='word_1_51' title='bbox 942 667 1003 727; x_wconf 87' lang='lat' dir='ltr'>eius</span> 
     </span>
     <span class='ocr_line' id='line_1_7' title="bbox 37 749 1030 829; baseline 0.001 -22"><span class='ocrx_word' id='word_1_52' title='bbox 37 762 149 824; x_wconf 86' lang='lat' dir='ltr'>egnum</span> <span class='ocrx_word' id='word_1_53' title='bbox 168 749 267 809; x_wconf 88' lang='lat' dir='ltr'>animo</span> <span class='ocrx_word' id='word_1_54' title='bbox 288 750 349 809; x_wconf 86' lang='lat' dir='ltr'>iam</span> <span class='ocrx_word' id='word_1_55' title='bbox 366 749 521 812; x_wconf 76' lang='lat' dir='ltr'>invaserat</span> <span class='ocrx_word' id='word_1_56' title='bbox 555 749 656 829; x_wconf 81' lang='lat' dir='ltr'>ltaque</span> <span class='ocrx_word' id='word_1_57' title='bbox 670 766 739 818; x_wconf 92' lang='lat' dir='ltr'>non,</span> <span class='ocrx_word' id='word_1_58' title='bbox 762 751 805 811; x_wconf 89' lang='lat' dir='ltr'>uti</span> <span class='ocrx_word' id='word_1_59' title='bbox 826 756 920 819; x_wconf 91' lang='lat' dir='ltr'>antea,</span> <span class='ocrx_word' id='word_1_60' title='bbox 936 759 1030 811; x_wconf 78' lang='lat' dir='ltr'>cumr</span> 
     </span>
     <span class='ocr_line' id='line_1_8' title="bbox 35 830 1003 911; baseline 0.001 -19"><span class='ocrx_word' id='word_1_61' title='bbox 35 830 207 892; x_wconf 86' lang='lat' dir='ltr'>raedatoria</span> <span class='ocrx_word' id='word_1_62' title='bbox 225 849 330 901; x_wconf 84' lang='lat' dir='ltr'>manu,</span> <span class='ocrx_word' id='word_1_63' title='bbox 346 839 398 894; x_wconf 72' lang='lat' dir='ltr'>,set</span> <span class='ocrx_word' id='word_1_64' title='bbox 424 849 532 910; x_wconf 87' lang='lat' dir='ltr'>magno</span> <span class='ocrx_word' id='word_1_65' title='bbox 555 834 686 897; x_wconf 71' lang='lat' dir='ltr'>exercitu</span> <span class='ocrx_word' id='word_1_66' title='bbox 709 842 867 911; x_wconf 88' lang='lat' dir='ltr'>conparato</span> <span class='ocrx_word' id='word_1_67' title='bbox 892 832 1003 895; x_wconf 89' lang='lat' dir='ltr'>bellum</span> 
     </span>
     <span class='ocr_line' id='line_1_9' title="bbox 35 915 1001 996; baseline 0.001 -20"><span class='ocrx_word' id='word_1_68' title='bbox 35 931 128 977; x_wconf 52' lang='lat' dir='ltr'>*erere</span> <span class='ocrx_word' id='word_1_69' title='bbox 151 915 248 993; x_wconf 86' lang='lat' dir='ltr'>coepit</span> <span class='ocrx_word' id='word_1_70' title='bbox 269 922 299 977; x_wconf 85' lang='lat' dir='ltr'>et</span> <span class='ocrx_word' id='word_1_71' title='bbox 317 923 421 995; x_wconf 87' lang='lat' dir='ltr'>aperte</span> <span class='ocrx_word' id='word_1_72' title='bbox 441 919 529 977; x_wconf 79' lang='lat' dir='ltr'>tatius</span> <span class='ocrx_word' id='word_1_73' title='bbox 551 915 703 977; x_wconf 79' lang='lat' dir='ltr'>Numitliae</span> <span class='ocrx_word' id='word_1_74' title='bbox 714 916 870 995; x_wconf 85' lang='lat' dir='ltr'>imperium</span> <span class='ocrx_word' id='word_1_75' title='bbox 892 929 1001 996; x_wconf 83' lang='lat' dir='ltr'>petere.</span> 
     </span>
     <span class='ocr_line' id='line_1_10' title="bbox 35 996 1029 1079; baseline 0.002 -19"><span class='ocrx_word' id='word_1_76' title='bbox 35 996 160 1060; x_wconf 79' lang='lat' dir='ltr'>letarum</span> <span class='ocrx_word' id='word_1_77' title='bbox 175 1016 232 1078; x_wconf 88' lang='lat' dir='ltr'>qua</span> <span class='ocrx_word' id='word_1_78' title='bbox 248 997 406 1078; x_wconf 74' lang='lat' dir='ltr'><strong>pergebat,</strong></span> <span class='ocrx_word' id='word_1_79' title='bbox 423 998 506 1061; x_wconf 87' lang='lat' dir='ltr'>urbis</span> <span class='ocrx_word' id='word_1_80' title='bbox 520 1016 608 1077; x_wconf 84' lang='lat' dir='ltr'>agros</span> <span class='ocrx_word' id='word_1_81' title='bbox 623 1007 746 1068; x_wconf 87' lang='lat' dir='ltr'>vastare,</span> <span class='ocrx_word' id='word_1_82' title='bbox 760 1001 884 1079; x_wconf 79' lang='lat' dir='ltr'>praedas</span> <span class='ocrx_word' id='word_1_83' title='bbox 900 1016 1029 1078; x_wconf 78' lang='lat' dir='ltr'>agereze</span> 
     </span>
     <span class='ocr_line' id='line_1_11' title="bbox 35 1081 1049 1161; baseline 0.002 -16"><span class='ocrx_word' id='word_1_84' title='bbox 35 1083 79 1145; x_wconf 87' lang='lat' dir='ltr'>uis</span> <span class='ocrx_word' id='word_1_85' title='bbox 93 1081 240 1152; x_wconf 85' lang='lat' dir='ltr'>animum,</span> <span class='ocrx_word' id='word_1_86' title='bbox 262 1081 397 1145; x_wconf 84' lang='lat' dir='ltr'>hostibus</span> <span class='ocrx_word' id='word_1_87' title='bbox 410 1089 557 1149; x_wconf 87' lang='lat' dir='ltr'>terrorem</span> <span class='ocrx_word' id='word_1_88' title='bbox 573 1099 693 1161; x_wconf 84' lang='lat' dir='ltr'>augere.</span> <span class='ocrx_word' id='word_1_89' title='bbox 723 1083 871 1145; x_wconf 81' lang='lat' dir='ltr'>Adherbal</span> <span class='ocrx_word' id='word_1_90' title='bbox 892 1084 945 1147; x_wconf 92' lang='lat' dir='ltr'>ubi</span> <span class='ocrx_word' id='word_1_91' title='bbox 959 1086 1002 1146; x_wconf 89' lang='lat' dir='ltr'>iu·</span> <span class='ocrx_word' id='word_1_92' title='bbox 1013 1084 1049 1149; x_wconf 83' lang='lat' dir='ltr'>at</span> 
     </span>
     <span class='ocr_line' id='line_1_12' title="bbox 35 1165 1004 1246; baseline 0.004 -22"><span class='ocrx_word' id='word_1_93' title='bbox 35 1165 134 1242; x_wconf 86' lang='lat' dir='ltr'>ellegit</span> <span class='ocrx_word' id='word_1_94' title='bbox 154 1184 190 1227; x_wconf 90' lang='lat' dir='ltr'>eo</span> <span class='ocrx_word' id='word_1_95' title='bbox 211 1184 396 1244; x_wconf 85' lang='lat' dir='ltr'>processum,</span> <span class='ocrx_word' id='word_1_96' title='bbox 420 1168 462 1227; x_wconf 92' lang='lat' dir='ltr'>uti</span> <span class='ocrx_word' id='word_1_97' title='bbox 475 1183 603 1244; x_wconf 87' lang='lat' dir='ltr'>regnum</span> <span class='ocrx_word' id='word_1_98' title='bbox 624 1177 674 1228; x_wconf 90' lang='lat' dir='ltr'>aut</span> <span class='ocrx_word' id='word_1_99' title='bbox 686 1166 911 1246; x_wconf 88' lang='lat' dir='ltr'>relinquendum</span> <span class='ocrx_word' id='word_1_100' title='bbox 927 1179 1004 1231; x_wconf 87' lang='lat' dir='ltr'>esset</span> 
     </span>
     <span class='ocr_line' id='line_1_13' title="bbox 35 1250 1000 1330; baseline 0.002 -19"><span class='ocrx_word' id='word_1_101' title='bbox 35 1256 71 1311; x_wconf 88' lang='lat' dir='ltr'>ut</span> <span class='ocrx_word' id='word_1_102' title='bbox 84 1251 177 1311; x_wconf 89' lang='lat' dir='ltr'>armis</span> <span class='ocrx_word' id='word_1_103' title='bbox 190 1250 386 1319; x_wconf 90' lang='lat' dir='ltr'>retinendum,</span> <span class='ocrx_word' id='word_1_104' title='bbox 404 1253 570 1315; x_wconf 88' lang='lat' dir='ltr'>necessario</span> <span class='ocrx_word' id='word_1_105' title='bbox 586 1251 684 1329; x_wconf 93' lang='lat' dir='ltr'>copias</span> <span class='ocrx_word' id='word_1_106' title='bbox 697 1260 782 1330; x_wconf 89' lang='lat' dir='ltr'>parat</span> <span class='ocrx_word' id='word_1_107' title='bbox 797 1257 826 1312; x_wconf 94' lang='lat' dir='ltr'>et</span> <span class='ocrx_word' id='word_1_108' title='bbox 842 1252 1000 1329; x_wconf 77' lang='lat' dir='ltr'>Iugurthae</span> 
     </span>
     <span class='ocr_line' id='line_1_14' title="bbox 36 1333 1029 1413; baseline 0.006 -19"><span class='ocrx_word' id='word_1_109' title='bbox 36 1333 126 1395; x_wconf 83' lang='lat' dir='ltr'>buius</span> <span class='ocrx_word' id='word_1_110' title='bbox 144 1334 288 1413; x_wconf 86' lang='lat' dir='ltr'>procedit.</span> <span class='ocrx_word' id='word_1_111' title='bbox 321 1333 442 1397; x_wconf 85' lang='lat' dir='ltr'>Interim</span> <span class='ocrx_word' id='word_1_112' title='bbox 463 1333 537 1399; x_wconf 90' lang='lat' dir='ltr'>haut</span> <span class='ocrx_word' id='word_1_113' title='bbox 554 1333 672 1411; x_wconf 88' lang='lat' dir='ltr'>longea</span> <span class='ocrx_word' id='word_1_114' title='bbox 687 1335 761 1395; x_wconf 88' lang='lat' dir='ltr'>mari</span> <span class='ocrx_word' id='word_1_115' title='bbox 781 1351 874 1413; x_wconf 85' lang='lat' dir='ltr'>prope</span> <span class='ocrx_word' id='word_1_116' title='bbox 895 1333 1029 1400; x_wconf 84' lang='lat' dir='ltr'>Cirtam2</span> 
     </span>
     <span class='ocr_line' id='line_1_15' title="bbox 35 1417 1003 1498; baseline 0.002 -20"><span class='ocrx_word' id='word_1_117' title='bbox 35 1417 163 1497; x_wconf 87' lang='lat' dir='ltr'>ppidum</span> <span class='ocrx_word' id='word_1_118' title='bbox 181 1420 336 1498; x_wconf 86' lang='lat' dir='ltr'>utriusque</span> <span class='ocrx_word' id='word_1_119' title='bbox 358 1418 504 1483; x_wconf 85' lang='lat' dir='ltr'>exercitus</span> <span class='ocrx_word' id='word_1_120' title='bbox 527 1417 659 1481; x_wconf 86' lang='lat' dir='ltr'>consedit</span> <span class='ocrx_word' id='word_1_121' title='bbox 699 1423 729 1478; x_wconf 88' lang='lat' dir='ltr'>et</span> <span class='ocrx_word' id='word_1_122' title='bbox 747 1417 814 1496; x_wconf 84' lang='lat' dir='ltr'>quia</span> <span class='ocrx_word' id='word_1_123' title='bbox 829 1418 886 1481; x_wconf 89' lang='lat' dir='ltr'>diei</span> <span class='ocrx_word' id='word_1_124' title='bbox 908 1427 1003 1480; x_wconf 80' lang='lat' dir='ltr'>extre·</span> 
     </span>
     <span class='ocr_line' id='line_1_16' title="bbox 35 1500 1004 1583; baseline 0 -20"><span class='ocrx_word' id='word_1_125' title='bbox 35 1519 104 1565; x_wconf 80' lang='lat' dir='ltr'>aum</span> <span class='ocrx_word' id='word_1_126' title='bbox 125 1508 202 1571; x_wconf 81' lang='lat' dir='ltr'>erat,</span> <span class='ocrx_word' id='word_1_127' title='bbox 231 1501 376 1581; x_wconf 89' lang='lat' dir='ltr'>proelium</span> <span class='ocrx_word' id='word_1_128' title='bbox 397 1519 458 1565; x_wconf 90' lang='lat' dir='ltr'>non</span> <span class='ocrx_word' id='word_1_129' title='bbox 476 1503 635 1583; x_wconf 83' lang='lat' dir='ltr'>inceptum.</span> <span class='ocrx_word' id='word_1_130' title='bbox 682 1501 733 1562; x_wconf 88' lang='lat' dir='ltr'>Set</span> <span class='ocrx_word' id='word_1_131' title='bbox 759 1500 811 1563; x_wconf 90' lang='lat' dir='ltr'>ubi</span> <span class='ocrx_word' id='word_1_132' title='bbox 830 1501 1004 1581; x_wconf 89' lang='lat' dir='ltr'>plerumque</span> 
     </span>
     <span class='ocr_line' id='line_1_17' title="bbox 35 1584 1004 1670; baseline -0.001 -23"><span class='ocrx_word' id='word_1_133' title='bbox 35 1587 114 1647; x_wconf 86' lang='lat' dir='ltr'>octis</span> <span class='ocrx_word' id='word_1_134' title='bbox 125 1587 278 1665; x_wconf 87' lang='lat' dir='ltr'>prooessit,</span> <span class='ocrx_word' id='word_1_135' title='bbox 298 1585 425 1650; x_wconf 90' lang='lat' dir='ltr'>obscuro</span> <span class='ocrx_word' id='word_1_136' title='bbox 440 1587 590 1650; x_wconf 83' lang='lat' dir='ltr'>etiamtum</span> <span class='ocrx_word' id='word_1_137' title='bbox 602 1585 712 1649; x_wconf 85' lang='lat' dir='ltr'>lumine</span> <span class='ocrx_word' id='word_1_138' title='bbox 724 1584 829 1646; x_wconf 84' lang='lat' dir='ltr'>milites</span> <span class='ocrx_word' id='word_1_139' title='bbox 839 1584 1004 1670; x_wconf 78' lang='lat' dir='ltr'>Iugurthini</span> 
     </span>
     <span class='ocr_line' id='line_1_18' title="bbox 35 1669 1077 1749; baseline 0 -20"><span class='ocrx_word' id='word_1_140' title='bbox 35 1671 104 1747; x_wconf 87' lang='lat' dir='ltr'>iguo</span> <span class='ocrx_word' id='word_1_141' title='bbox 118 1669 422 1735; x_wconf 79' lang='lat' dir='ltr'>datooastrahostium</span> <span class='ocrx_word' id='word_1_142' title='bbox 433 1670 909 1749; x_wconf 71' lang='lat' dir='ltr'>invadunosemiscmnosparnn</span> <span class='ocrx_word' id='word_1_143' title='bbox 932 1669 1003 1732; x_wconf 88' lang='lat' dir='ltr'>alios</span> <span class='ocrx_word' id='word_1_144' title='bbox 1076 1674 1077 1677; x_wconf 75' lang='grc'>’</span> 
     </span>
     <span class='ocr_line' id='line_1_19' title="bbox 35 1751 1002 1834; baseline 0 -19"><span class='ocrx_word' id='word_1_145' title='bbox 35 1770 104 1815; x_wconf 84' lang='lat' dir='ltr'>rma</span> <span class='ocrx_word' id='word_1_146' title='bbox 124 1754 267 1819; x_wconf 77' lang='lat' dir='ltr'>sumentia</span> <span class='ocrx_word' id='word_1_147' title='bbox 288 1753 391 1832; x_wconf 65' lang='lat' dir='ltr'>irmarrt</span> <span class='ocrx_word' id='word_1_148' title='bbox 412 1753 613 1833; x_wconf 82' lang='lat' dir='ltr'>funduntque:</span> <span class='ocrx_word' id='word_1_149' title='bbox 640 1751 788 1819; x_wconf 81' lang='lat' dir='ltr'>Adherbal</span> <span class='ocrx_word' id='word_1_150' title='bbox 815 1771 883 1823; x_wconf 87' lang='lat' dir='ltr'>cum</span> <span class='ocrx_word' id='word_1_151' title='bbox 902 1755 1002 1834; x_wconf 90' lang='lat' dir='ltr'>paucis</span> 
     </span>
     <span class='ocr_line' id='line_1_20' title="bbox 37 1835 1002 1917; baseline -0.003 -16"><span class='ocrx_word' id='word_1_152' title='bbox 37 1835 169 1916; x_wconf 81' lang='lat' dir='ltr'>quitibus</span> <span class='ocrx_word' id='word_1_153' title='bbox 191 1836 300 1899; x_wconf 80' lang='lat' dir='ltr'>Cirtam</span> <span class='ocrx_word' id='word_1_154' title='bbox 313 1836 458 1917; x_wconf 86' lang='lat' dir='ltr'>prologit,</span> <span class='ocrx_word' id='word_1_155' title='bbox 481 1844 510 1897; x_wconf 89' lang='lat' dir='ltr'>et</span> <span class='ocrx_word' id='word_1_156' title='bbox 529 1836 561 1899; x_wconf 90' lang='lat' dir='ltr'>ui</span> <span class='ocrx_word' id='word_1_157' title='bbox 575 1835 730 1899; x_wconf 90' lang='lat' dir='ltr'>multitudo</span> <span class='ocrx_word' id='word_1_158' title='bbox 746 1843 914 1916; x_wconf 86' lang='lat' dir='ltr'>togatorum</span> <span class='ocrx_word' id='word_1_159' title='bbox 932 1838 1002 1901; x_wconf 86' lang='lat' dir='ltr'>luis-</span> 
     </span>
     <span class='ocr_line' id='line_1_21' title="bbox 35 1919 1002 2001; baseline -0.001 -18"><span class='ocrx_word' id='word_1_160' title='bbox 35 1927 77 1990; x_wconf 86' lang='lat' dir='ltr'>et,</span> <span class='ocrx_word' id='word_1_161' title='bbox 108 1937 184 1999; x_wconf 86' lang='lat' dir='ltr'>quae</span> <span class='ocrx_word' id='word_1_162' title='bbox 205 1919 345 1991; x_wconf 86' lang='lat' dir='ltr'>Numidas</span> <span class='ocrx_word' id='word_1_163' title='bbox 366 1920 546 2000; x_wconf 86' lang='lat' dir='ltr'>insequentis</span> <span class='ocrx_word' id='word_1_164' title='bbox 574 1920 728 1983; x_wconf 84' lang='lat' dir='ltr'>moenibus</span> <span class='ocrx_word' id='word_1_165' title='bbox 749 1921 915 2001; x_wconf 88' lang='lat' dir='ltr'>prohibuit,</span> <span class='ocrx_word' id='word_1_166' title='bbox 944 1941 1002 1983; x_wconf 91' lang='lat' dir='ltr'>uno</span> 
     </span>
     <span class='ocr_line' id='line_1_22' title="bbox 35 2003 1001 2084; baseline 0.002 -20"><span class='ocrx_word' id='word_1_167' title='bbox 35 2005 65 2064; x_wconf 89' lang='lat' dir='ltr'>ie</span> <span class='ocrx_word' id='word_1_168' title='bbox 80 2005 159 2063; x_wconf 90' lang='lat' dir='ltr'>inter</span> <span class='ocrx_word' id='word_1_169' title='bbox 176 2003 250 2065; x_wconf 90' lang='lat' dir='ltr'>duos</span> <span class='ocrx_word' id='word_1_170' title='bbox 266 2021 353 2083; x_wconf 85' lang='lat' dir='ltr'>reges</span> <span class='ocrx_word' id='word_1_171' title='bbox 368 2010 505 2084; x_wconf 87' lang='lat' dir='ltr'>coeptum</span> <span class='ocrx_word' id='word_1_172' title='bbox 523 2011 610 2084; x_wconf 84' lang='lat' dir='ltr'>atque</span> <span class='ocrx_word' id='word_1_173' title='bbox 633 2011 780 2083; x_wconf 84' lang='lat' dir='ltr'>patratum</span> <span class='ocrx_word' id='word_1_174' title='bbox 795 2004 906 2069; x_wconf 88' lang='lat' dir='ltr'>bellum</span> <span class='ocrx_word' id='word_1_175' title='bbox 916 2005 1001 2067; x_wconf 84' lang='lat' dir='ltr'>soret.</span> 
     </span>
     <span class='ocr_line' id='line_1_23' title="bbox 35 2086 1028 2168; baseline 0.004 -19"><span class='ocrx_word' id='word_1_176' title='bbox 35 2088 111 2164; x_wconf 78' lang='lat' dir='ltr'>gitur</span> <span class='ocrx_word' id='word_1_177' title='bbox 130 2086 272 2164; x_wconf 83' lang='lat' dir='ltr'>Iugurtha</span> <span class='ocrx_word' id='word_1_178' title='bbox 295 2088 435 2167; x_wconf 86' lang='lat' dir='ltr'>oppidum</span> <span class='ocrx_word' id='word_1_179' title='bbox 452 2088 647 2158; x_wconf 84' lang='lat' dir='ltr'>circumsedit,</span> <span class='ocrx_word' id='word_1_180' title='bbox 661 2088 756 2149; x_wconf 46' lang='lat' dir='ltr'>vineis*</span> <span class='ocrx_word' id='word_1_181' title='bbox 769 2086 958 2168; x_wconf 80' lang='lat' dir='ltr'>turribusque</span> <span class='ocrx_word' id='word_1_182' title='bbox 975 2095 1028 2153; x_wconf 80' lang='lat' dir='ltr'>eta</span> 
     </span>
     <span class='ocr_line' id='line_1_24' title="bbox 35 2170 1040 2250; baseline 0.003 -20"><span class='ocrx_word' id='word_1_183' title='bbox 35 2171 162 2233; x_wconf 83' lang='lat' dir='ltr'>rachinis</span> <span class='ocrx_word' id='word_1_184' title='bbox 176 2172 307 2237; x_wconf 83' lang='lat' dir='ltr'>omnium</span> <span class='ocrx_word' id='word_1_185' title='bbox 322 2189 464 2248; x_wconf 83' lang='lat' dir='ltr'>generum</span> <span class='ocrx_word' id='word_1_186' title='bbox 483 2188 652 2250; x_wconf 86' lang='lat' dir='ltr'>expugnare</span> <span class='ocrx_word' id='word_1_187' title='bbox 673 2171 851 2248; x_wconf 86' lang='lat' dir='ltr'>adgreditur,</span> <span class='ocrx_word' id='word_1_188' title='bbox 866 2189 1002 2235; x_wconf 79' lang='lat' dir='ltr'>maxume</span> <span class='ocrx_word' id='word_1_189' title='bbox 1038 2170 1040 2175; x_wconf 77' lang='grc'>’</span> 
     </span>
     <span class='ocr_line' id='line_1_25' title="bbox 35 2253 1002 2335; baseline 0.002 -18"><span class='ocrx_word' id='word_1_190' title='bbox 35 2254 161 2319; x_wconf 78' lang='lat' dir='ltr'>estimans</span> <span class='ocrx_word' id='word_1_191' title='bbox 175 2260 292 2335; x_wconf 86' lang='lat' dir='ltr'>tempus</span> <span class='ocrx_word' id='word_1_192' title='bbox 305 2254 471 2331; x_wconf 87' lang='lat' dir='ltr'>legatorum</span> <span class='ocrx_word' id='word_1_193' title='bbox 487 2262 671 2332; x_wconf 87' lang='lat' dir='ltr'>antecapere,</span> <span class='ocrx_word' id='word_1_194' title='bbox 688 2272 761 2332; x_wconf 92' lang='lat' dir='ltr'>quos</span> <span class='ocrx_word' id='word_1_195' title='bbox 776 2261 843 2317; x_wconf 86' lang='lat' dir='ltr'>ante</span> <span class='ocrx_word' id='word_1_196' title='bbox 856 2253 1002 2335; x_wconf 90' lang='lat' dir='ltr'>proelium</span> 
     </span>
     <span class='ocr_line' id='line_1_26' title="bbox 35 2336 825 2405; baseline -0.001 -6"><span class='ocrx_word' id='word_1_197' title='bbox 35 2343 132 2401; x_wconf 84' lang='lat' dir='ltr'>actum</span> <span class='ocrx_word' id='word_1_198' title='bbox 153 2336 191 2399; x_wconf 91' lang='lat' dir='ltr'>ab</span> <span class='ocrx_word' id='word_1_199' title='bbox 212 2336 377 2401; x_wconf 80' lang='lat' dir='ltr'>Adherbale</span> <span class='ocrx_word' id='word_1_200' title='bbox 395 2338 520 2401; x_wconf 87' lang='lat' dir='ltr'>Romam</span> <span class='ocrx_word' id='word_1_201' title='bbox 538 2339 642 2401; x_wconf 87' lang='lat' dir='ltr'>missos</span> <span class='ocrx_word' id='word_1_202' title='bbox 668 2338 825 2405; x_wconf 83' lang='lat' dir='ltr'>audiverat.</span> 
     </span>
    </p>

    <p class='ocr_par' dir='ltr' id='par_1_3' title="bbox 35 2419 1057 3591">
     <span class='ocr_line' id='line_1_27' title="bbox 104 2419 1028 2501; baseline 0.009 -20"><span class='ocrx_word' id='word_1_203' title='bbox 104 2420 157 2482; x_wconf 89' lang='lat' dir='ltr'>Set</span> <span class='ocrx_word' id='word_1_204' title='bbox 168 2429 322 2501; x_wconf 86' lang='lat' dir='ltr'>postquam</span> <span class='ocrx_word' id='word_1_205' title='bbox 338 2430 456 2491; x_wconf 86' lang='lat' dir='ltr'>senatus</span> <span class='ocrx_word' id='word_1_206' title='bbox 470 2419 593 2485; x_wconf 88' lang='lat' dir='ltr'>debello</span> <span class='ocrx_word' id='word_1_207' title='bbox 605 2440 708 2485; x_wconf 88' lang='lat' dir='ltr'>eorum</span> <span class='ocrx_word' id='word_1_208' title='bbox 722 2422 843 2500; x_wconf 88' lang='lat' dir='ltr'>accepit,</span> <span class='ocrx_word' id='word_1_209' title='bbox 856 2430 916 2483; x_wconf 89' lang='lat' dir='ltr'>tres</span> <span class='ocrx_word' id='word_1_210' title='bbox 930 2423 1028 2490; x_wconf 78' lang='lat' dir='ltr'>adu-r</span> 
     </span>
     <span class='ocr_line' id='line_1_28' title="bbox 35 2504 1002 2585; baseline -0.001 -18"><span class='ocrx_word' id='word_1_211' title='bbox 35 2511 165 2569; x_wconf 73' lang='lat' dir='ltr'>recentes</span> <span class='ocrx_word' id='word_1_212' title='bbox 179 2506 211 2564; x_wconf 89' lang='lat' dir='ltr'>in</span> <span class='ocrx_word' id='word_1_213' title='bbox 225 2504 354 2573; x_wconf 86' lang='lat' dir='ltr'>Airicam</span> <span class='ocrx_word' id='word_1_214' title='bbox 367 2505 520 2584; x_wconf 87' lang='lat' dir='ltr'>legantur,</span> <span class='ocrx_word' id='word_1_215' title='bbox 539 2506 591 2585; x_wconf 89' lang='lat' dir='ltr'>qui</span> <span class='ocrx_word' id='word_1_216' title='bbox 607 2505 710 2566; x_wconf 90' lang='lat' dir='ltr'>ambos</span> <span class='ocrx_word' id='word_1_217' title='bbox 726 2521 812 2580; x_wconf 86' lang='lat' dir='ltr'>reges</span> <span class='ocrx_word' id='word_1_218' title='bbox 827 2505 940 2574; x_wconf 88' lang='lat' dir='ltr'>adeant,</span> <span class='ocrx_word' id='word_1_219' title='bbox 956 2523 1002 2566; x_wconf 89' lang='lat' dir='ltr'>se·</span> 
     </span>
     <span class='ocr_line' id='line_1_29' title="bbox 35 2586 1000 2669; baseline 0.002 -21"><span class='ocrx_word' id='word_1_220' title='bbox 35 2594 106 2653; x_wconf 75' lang='lat' dir='ltr'>:atus</span> <span class='ocrx_word' id='word_1_221' title='bbox 126 2586 286 2669; x_wconf 79' lang='lat' dir='ltr'>populique</span> <span class='ocrx_word' id='word_1_222' title='bbox 305 2588 429 2653; x_wconf 86' lang='lat' dir='ltr'>Romani</span> <span class='ocrx_word' id='word_1_223' title='bbox 451 2588 547 2653; x_wconf 87' lang='lat' dir='ltr'>verbis</span> <span class='ocrx_word' id='word_1_224' title='bbox 564 2589 713 2657; x_wconf 84' lang='lat' dir='ltr'>nmrtient:</span> <span class='ocrx_word' id='word_1_225' title='bbox 737 2586 809 2651; x_wconf 90' lang='lat' dir='ltr'>velle</span> <span class='ocrx_word' id='word_1_226' title='bbox 826 2597 854 2649; x_wconf 91' lang='lat' dir='ltr'>et</span> <span class='ocrx_word' id='word_1_227' title='bbox 870 2606 1000 2659; x_wconf 88' lang='lat' dir='ltr'>censere,</span> 
     </span>
     <span class='ocr_line' id='line_1_30' title="bbox 35 2669 1057 2757; baseline -0.003 -20"><span class='ocrx_word' id='word_1_228' title='bbox 35 2693 69 2737; x_wconf 89' lang='lat' dir='ltr'>os</span> <span class='ocrx_word' id='word_1_229' title='bbox 86 2673 125 2737; x_wconf 90' lang='lat' dir='ltr'>ab</span> <span class='ocrx_word' id='word_1_230' title='bbox 147 2675 237 2741; x_wconf 83' lang='lat' dir='ltr'>armis</span> <span class='ocrx_word' id='word_1_231' title='bbox 258 2674 414 2741; x_wconf 83' lang='lat' dir='ltr'>discedere</span> <span class='ocrx_word' id='word_1_232' title='bbox 436 2673 488 2757; x_wconf 87' lang='lat' dir='ltr'>[de</span> <span class='ocrx_word' id='word_1_233' title='bbox 508 2675 721 2737; x_wconf 82' lang='lat' dir='ltr'>controversiis</span> <span class='ocrx_word' id='word_1_234' title='bbox 739 2675 801 2735; x_wconf 90' lang='lat' dir='ltr'>suis</span> <span class='ocrx_word' id='word_1_235' title='bbox 821 2675 887 2735; x_wconf 91' lang='lat' dir='ltr'>iure</span> <span class='ocrx_word' id='word_1_236' title='bbox 907 2677 1007 2754; x_wconf 89' lang='lat' dir='ltr'>potius</span> <span class='ocrx_word' id='word_1_237' title='bbox 1015 2669 1057 2735; x_wconf 83' lang='lat'>22</span> 
     </span>
     <span class='ocr_line' id='line_1_31' title="bbox 35 2757 1005 2840; baseline -0.004 -19"><span class='ocrx_word' id='word_1_238' title='bbox 35 2757 406 2840; x_wconf 83' lang='lat' dir='ltr'>uambellodisoeptara]:</span> <span class='ocrx_word' id='word_1_239' title='bbox 428 2760 470 2827; x_wconf 89' lang='lat' dir='ltr'>ita</span> <span class='ocrx_word' id='word_1_240' title='bbox 481 2776 574 2837; x_wconf 80' lang='lat' dir='ltr'>seque</span> <span class='ocrx_word' id='word_1_241' title='bbox 584 2757 701 2838; x_wconf 85' lang='lat' dir='ltr'>illisque</span> <span class='ocrx_word' id='word_1_242' title='bbox 712 2757 833 2837; x_wconf 77' lang='lat' dir='ltr'>dignum</span> <span class='ocrx_word' id='word_1_243' title='bbox 846 2777 920 2827; x_wconf 84' lang='lat' dir='ltr'>esse.</span> <span class='ocrx_word' id='word_1_244' title='bbox 949 2761 1005 2824; x_wconf 79' lang='lat' dir='ltr'>Le·</span> 
     </span>
     <span class='ocr_line' id='line_1_32' title="bbox 35 2842 1004 2923; baseline -0.003 -14"><span class='ocrx_word' id='word_1_245' title='bbox 35 2849 83 2923; x_wconf 67' lang='lat' dir='ltr'>:ati</span> <span class='ocrx_word' id='word_1_246' title='bbox 96 2848 127 2907; x_wconf 92' lang='lat' dir='ltr'>in</span> <span class='ocrx_word' id='word_1_247' title='bbox 143 2848 271 2909; x_wconf 82' lang='lat' dir='ltr'>Africam</span> <span class='ocrx_word' id='word_1_248' title='bbox 286 2852 468 2913; x_wconf 74' lang='lat' dir='ltr'>marmanios</span> <span class='ocrx_word' id='word_1_249' title='bbox 484 2846 611 2915; x_wconf 83' lang='lat' dir='ltr'>veniunt,</span> <span class='ocrx_word' id='word_1_250' title='bbox 631 2863 665 2909; x_wconf 89' lang='lat' dir='ltr'>eo</span> <span class='ocrx_word' id='word_1_251' title='bbox 682 2844 775 2921; x_wconf 87' lang='lat' dir='ltr'>magis</span> <span class='ocrx_word' id='word_1_252' title='bbox 791 2842 870 2920; x_wconf 90' lang='lat' dir='ltr'>quod</span> <span class='ocrx_word' id='word_1_253' title='bbox 884 2842 1004 2914; x_wconf 85' lang='lat' dir='ltr'>Romae,</span> 
     </span>
     <span class='ocr_line' id='line_1_33' title="bbox 35 2924 1006 3008; baseline -0.004 -15"><span class='ocrx_word' id='word_1_254' title='bbox 35 2931 94 2993; x_wconf 88' lang='lat' dir='ltr'>lum</span> <span class='ocrx_word' id='word_1_255' title='bbox 111 2931 258 3008; x_wconf 84' lang='lat' dir='ltr'>proticisci</span> <span class='ocrx_word' id='word_1_256' title='bbox 272 2937 385 3008; x_wconf 87' lang='lat' dir='ltr'>parant,</span> <span class='ocrx_word' id='word_1_257' title='bbox 402 2928 439 2991; x_wconf 92' lang='lat' dir='ltr'>de</span> <span class='ocrx_word' id='word_1_258' title='bbox 451 2929 563 3008; x_wconf 90' lang='lat' dir='ltr'>proelio</span> <span class='ocrx_word' id='word_1_259' title='bbox 578 2928 654 2991; x_wconf 86' lang='lat' dir='ltr'>lacto</span> <span class='ocrx_word' id='word_1_260' title='bbox 670 2935 698 2989; x_wconf 90' lang='lat' dir='ltr'>et</span> <span class='ocrx_word' id='word_1_261' title='bbox 712 2924 929 3007; x_wconf 84' lang='lat' dir='ltr'>obpugnatione</span> <span class='ocrx_word' id='word_1_262' title='bbox 945 2928 1006 2989; x_wconf 84' lang='lat' dir='ltr'>Cir·</span> 
     </span>
     <span class='ocr_line' id='line_1_34' title="bbox 35 3008 1032 3088; baseline -0.006 -11"><span class='ocrx_word' id='word_1_263' title='bbox 35 3033 70 3077; x_wconf 88' lang='lat' dir='ltr'>ae</span> <span class='ocrx_word' id='word_1_264' title='bbox 87 3012 275 3076; x_wconf 82' lang='lat' dir='ltr'>audiebatur:</span> <span class='ocrx_word' id='word_1_265' title='bbox 292 3021 337 3076; x_wconf 85' lang='lat' dir='ltr'>set</span> <span class='ocrx_word' id='word_1_266' title='bbox 349 3015 374 3075; x_wconf 88' lang='lat' dir='ltr'>is</span> <span class='ocrx_word' id='word_1_267' title='bbox 388 3030 491 3074; x_wconf 91' lang='lat' dir='ltr'>rumor</span> <span class='ocrx_word' id='word_1_268' title='bbox 506 3013 634 3075; x_wconf 87' lang='lat' dir='ltr'>clemens</span> <span class='ocrx_word' id='word_1_269' title='bbox 648 3018 719 3075; x_wconf 88' lang='lat' dir='ltr'>erat.</span> <span class='ocrx_word' id='word_1_270' title='bbox 753 3008 884 3080; x_wconf 83' lang='lat' dir='ltr'>Quorum</span> <span class='ocrx_word' id='word_1_271' title='bbox 898 3011 1032 3088; x_wconf 79' lang='lat' dir='ltr'>Iugur-²</span> 
     </span>
     <span class='ocr_line' id='line_1_35' title="bbox 35 3095 1007 3177; baseline -0.005 -18"><span class='ocrx_word' id='word_1_272' title='bbox 35 3097 74 3159; x_wconf 86' lang='lat' dir='ltr'>ba</span> <span class='ocrx_word' id='word_1_273' title='bbox 90 3104 213 3177; x_wconf 86' lang='lat' dir='ltr'>accepta</span> <span class='ocrx_word' id='word_1_274' title='bbox 227 3099 359 3161; x_wconf 89' lang='lat' dir='ltr'>oratione</span> <span class='ocrx_word' id='word_1_275' title='bbox 375 3097 543 3174; x_wconf 88' lang='lat' dir='ltr'>respondit:</span> <span class='ocrx_word' id='word_1_276' title='bbox 558 3095 614 3161; x_wconf 89' lang='lat' dir='ltr'>sibi</span> <span class='ocrx_word' id='word_1_277' title='bbox 630 3112 726 3173; x_wconf 85' lang='lat' dir='ltr'>neque</span> <span class='ocrx_word' id='word_1_278' title='bbox 740 3096 834 3156; x_wconf 88' lang='lat' dir='ltr'>maius</span> <span class='ocrx_word' id='word_1_279' title='bbox 851 3095 1007 3174; x_wconf 81' lang='lat' dir='ltr'>quicquan:</span> 
     </span>
     <span class='ocr_line' id='line_1_36' title="bbox 35 3178 1006 3260; baseline -0.004 -19"><span class='ocrx_word' id='word_1_280' title='bbox 35 3199 122 3260; x_wconf 84' lang='lat' dir='ltr'>reque</span> <span class='ocrx_word' id='word_1_281' title='bbox 141 3182 237 3247; x_wconf 85' lang='lat' dir='ltr'>carius</span> <span class='ocrx_word' id='word_1_282' title='bbox 250 3181 423 3244; x_wconf 88' lang='lat' dir='ltr'>auctoritate</span> <span class='ocrx_word' id='word_1_283' title='bbox 435 3186 555 3241; x_wconf 87' lang='lat' dir='ltr'>senatus</span> <span class='ocrx_word' id='word_1_284' title='bbox 565 3197 644 3241; x_wconf 88' lang='lat' dir='ltr'>esse:</span> <span class='ocrx_word' id='word_1_285' title='bbox 658 3179 694 3241; x_wconf 92' lang='lat' dir='ltr'>ab</span> <span class='ocrx_word' id='word_1_286' title='bbox 702 3178 898 3245; x_wconf 88' lang='lat' dir='ltr'>adulescentia</span> <span class='ocrx_word' id='word_1_287' title='bbox 919 3179 957 3236; x_wconf 90' lang='lat' dir='ltr'>ita</span> <span class='ocrx_word' id='word_1_288' title='bbox 974 3195 1006 3238; x_wconf 88' lang='lat' dir='ltr'>se</span> 
     </span>
     <span class='ocr_line' id='line_1_37' title="bbox 35 3260 1006 3342; baseline -0.004 -18"><span class='ocrx_word' id='word_1_289' title='bbox 35 3266 154 3334; x_wconf 71' lang='lat' dir='ltr'>tubum,</span> <span class='ocrx_word' id='word_1_290' title='bbox 171 3271 203 3326; x_wconf 93' lang='lat' dir='ltr'>ut</span> <span class='ocrx_word' id='word_1_291' title='bbox 217 3265 253 3325; x_wconf 90' lang='lat' dir='ltr'>ab</span> <span class='ocrx_word' id='word_1_292' title='bbox 270 3269 391 3342; x_wconf 89' lang='lat' dir='ltr'>optumo</span> <span class='ocrx_word' id='word_1_293' title='bbox 408 3279 525 3340; x_wconf 87' lang='lat' dir='ltr'>quoque</span> <span class='ocrx_word' id='word_1_294' title='bbox 539 3260 728 3339; x_wconf 85' lang='lat' dir='ltr'>probaretur:</span> <span class='ocrx_word' id='word_1_295' title='bbox 750 3264 854 3323; x_wconf 84' lang='lat' dir='ltr'>virtute</span> <span class='ocrx_word' id='word_1_296' title='bbox 869 3277 928 3320; x_wconf 93' lang='lat' dir='ltr'>non</span> <span class='ocrx_word' id='word_1_297' title='bbox 945 3278 1006 3321; x_wconf 85' lang='lat' dir='ltr'>nra·</span> 
     </span>
     <span class='ocr_line' id='line_1_38' title="bbox 35 3345 1005 3428; baseline -0.006 -19"><span class='ocrx_word' id='word_1_298' title='bbox 35 3349 84 3411; x_wconf 90' lang='lat' dir='ltr'>itia</span> <span class='ocrx_word' id='word_1_299' title='bbox 104 3347 139 3409; x_wconf 87' lang='lat' dir='ltr'>P.</span> <span class='ocrx_word' id='word_1_300' title='bbox 162 3347 305 3428; x_wconf 89' lang='lat' dir='ltr'>Scipioni,</span> <span class='ocrx_word' id='word_1_301' title='bbox 327 3364 442 3409; x_wconf 88' lang='lat' dir='ltr'>summo</span> <span class='ocrx_word' id='word_1_302' title='bbox 465 3346 541 3414; x_wconf 89' lang='lat' dir='ltr'>viro,</span> <span class='ocrx_word' id='word_1_303' title='bbox 563 3345 722 3423; x_wconf 85' lang='lat' dir='ltr'>placuisse:</span> <span class='ocrx_word' id='word_1_304' title='bbox 744 3346 781 3407; x_wconf 92' lang='lat' dir='ltr'>ob</span> <span class='ocrx_word' id='word_1_305' title='bbox 797 3345 914 3406; x_wconf 89' lang='lat' dir='ltr'>easdem</span> <span class='ocrx_word' id='word_1_306' title='bbox 936 3345 1005 3404; x_wconf 91' lang='lat' dir='ltr'>artis</span> 
     </span>
     <span class='ocr_line' id='line_1_39' title="bbox 35 3426 1005 3512; baseline -0.004 -19"><span class='ocrx_word' id='word_1_307' title='bbox 35 3454 40 3493; x_wconf 90' lang='grc' dir='ltr'>ι</span> <span class='ocrx_word' id='word_1_308' title='bbox 60 3434 201 3512; x_wconf 85' lang='lat' dir='ltr'>blioipsa,</span> <span class='ocrx_word' id='word_1_309' title='bbox 225 3448 288 3492; x_wconf 90' lang='lat' dir='ltr'>non</span> <span class='ocrx_word' id='word_1_310' title='bbox 308 3429 448 3509; x_wconf 89' lang='lat' dir='ltr'>paenuria</span> <span class='ocrx_word' id='word_1_311' title='bbox 461 3427 631 3499; x_wconf 90' lang='lat' dir='ltr'>liberorum,</span> <span class='ocrx_word' id='word_1_312' title='bbox 653 3431 684 3490; x_wconf 94' lang='lat' dir='ltr'>in</span> <span class='ocrx_word' id='word_1_313' title='bbox 696 3445 821 3508; x_wconf 83' lang='lat' dir='ltr'>regnum</span> <span class='ocrx_word' id='word_1_314' title='bbox 837 3426 1005 3505; x_wconf 88' lang='lat' dir='ltr'>adoptatum</span> 
     </span>
     <span class='ocr_line' id='line_1_40' title="bbox 35 3510 1030 3591; baseline -0.006 -15"><span class='ocrx_word' id='word_1_315' title='bbox 35 3532 105 3576; x_wconf 78' lang='lat' dir='ltr'>sse:</span> <span class='ocrx_word' id='word_1_316' title='bbox 129 3520 259 3576; x_wconf 87' lang='lat' dir='ltr'>ceterum</span> <span class='ocrx_word' id='word_1_317' title='bbox 282 3532 340 3591; x_wconf 87' lang='lat' dir='ltr'>quo</span> <span class='ocrx_word' id='word_1_318' title='bbox 360 3510 444 3591; x_wconf 89' lang='lat' dir='ltr'>plura</span> <span class='ocrx_word' id='word_1_319' title='bbox 466 3512 542 3574; x_wconf 89' lang='lat' dir='ltr'>bene</span> <span class='ocrx_word' id='word_1_320' title='bbox 564 3521 650 3591; x_wconf 86' lang='lat' dir='ltr'>atque</span> <span class='ocrx_word' id='word_1_321' title='bbox 672 3521 790 3573; x_wconf 87' lang='lat' dir='ltr'>strenue</span> <span class='ocrx_word' id='word_1_322' title='bbox 812 3511 942 3580; x_wconf 84' lang='lat' dir='ltr'>lecisset,</span> <span class='ocrx_word' id='word_1_323' title='bbox 971 3527 1030 3579; x_wconf 79' lang='lat' dir='ltr'>eoa</span> 
     </span>
    </p>
   </div>
   <div class='ocr_carea' id='block_1_3' title="bbox 820 3617 859 3675">
    <p class='ocr_par' dir='ltr' id='par_1_4' title="bbox 820 3617 859 3675">
     <span class='ocr_line' id='line_1_41' title="bbox 820 3617 859 3675; baseline 0 -24"><span class='ocrx_word' id='word_1_324' title='bbox 820 3617 859 3675; x_wconf 47' lang='grc' dir='ltr'>ψ</span> 
     </span>
    </p>
   </div>
   <div class='ocr_carea' id='block_1_4' title="bbox 0 0 1196 3864">
    <p class='ocr_par' dir='ltr' id='par_1_5' title="bbox 0 0 1196 3864">
     <span class='ocr_line' id='line_1_42' title="bbox 0 0 1196 3864; baseline 0 0"><span class='ocrx_word' id='word_1_325' title='bbox 0 0 1196 3864; x_wconf 95' lang='lat' dir='ltr'> </span> 
     </span>
    </p>
   </div>
  </div>
 </body>
</html>
