<?xml version="1.0" encoding="UTF-8"?>
<!DOCTYPE html PUBLIC "-//W3C//DTD XHTML 1.0 Transitional//EN"
    "http://www.w3.org/TR/xhtml1/DTD/xhtml1-transitional.dtd">
<html xmlns="http://www.w3.org/1999/xhtml" xml:lang="en" lang="en">
 <head>
  <title>
</title>
<meta http-equiv="Content-Type" content="text/html;charset=utf-8" />
  <meta name='ocr-system' content='tesseract 3.04.00' />
  <meta name='ocr-capabilities' content='ocr_page ocr_carea ocr_par ocr_line ocrx_word'/>
</head>
<body>
  <div class='ocr_page' id='page_1' title='image "./gaisallusticris00jugugoog_0104.png"; bbox 0 0 2378 3864; ppageno 0'>
   <div class='ocr_carea' id='block_1_1' title="bbox 271 181 1045 248">
    <p class='ocr_par' dir='ltr' id='par_1_1' title="bbox 271 181 1045 248">
     <span class='ocr_line' id='line_1_1' title="bbox 271 181 1045 248; baseline 0.01 -12"><span class='ocrx_word' id='word_1_1' title='bbox 271 195 314 237; x_wconf 82' lang='lat' dir='ltr'>ue</span> <span class='ocrx_word' id='word_1_2' title='bbox 336 194 439 237; x_wconf 77' lang='lat' dir='ltr'>sunno</span> <span class='ocrx_word' id='word_1_3' title='bbox 463 195 664 238; x_wconf 78' lang='lat' dir='ltr'>rvuvnrumo</span> <span class='ocrx_word' id='word_1_4' title='bbox 687 196 714 240; x_wconf 87' lang='lat' dir='ltr'>c.</span> <span class='ocrx_word' id='word_1_5' title='bbox 735 188 779 242; x_wconf 79' lang='lat'>75.</span> <span class='ocrx_word' id='word_1_6' title='bbox 796 189 837 248; x_wconf 82' lang='grc'>76.</span> <span class='ocrx_word' id='word_1_7' title='bbox 1005 181 1045 244; x_wconf 84' lang='grc'>83</span> 
     </span>
    </p>
   </div>
   <div class='ocr_carea' id='block_1_2' title="bbox 18 343 1094 3352">
    <p class='ocr_par' dir='ltr' id='par_1_2' title="bbox 18 343 1094 3352">
     <span class='ocr_line' id='line_1_2' title="bbox 62 343 1071 425; baseline 0.006 -19"><span class='ocrx_word' id='word_1_8' title='bbox 62 351 220 425; x_wconf 86' lang='lat' dir='ltr'>praeterea</span> <span class='ocrx_word' id='word_1_9' title='bbox 237 343 383 423; x_wconf 80' lang='lat' dir='ltr'><strong>conquirit</strong></span> <span class='ocrx_word' id='word_1_10' title='bbox 399 360 435 402; x_wconf 84' lang='lat' dir='ltr'>ex</span> <span class='ocrx_word' id='word_1_11' title='bbox 450 345 528 420; x_wconf 86' lang='lat' dir='ltr'>agris</span> <span class='ocrx_word' id='word_1_12' title='bbox 544 361 631 424; x_wconf 90' lang='lat' dir='ltr'>quam</span> <span class='ocrx_word' id='word_1_13' title='bbox 647 345 818 425; x_wconf 86' lang='lat' dir='ltr'>plurumum</span> <span class='ocrx_word' id='word_1_14' title='bbox 833 354 929 424; x_wconf 89' lang='lat' dir='ltr'>potest</span> <span class='ocrx_word' id='word_1_15' title='bbox 945 348 1071 415; x_wconf 72' lang='lat' dir='ltr'>domitia</span> 
     </span>
     <span class='ocr_line' id='line_1_3' title="bbox 61 426 1043 510; baseline 0.003 -20"><span class='ocrx_word' id='word_1_16' title='bbox 61 428 199 508; x_wconf 87' lang='lat' dir='ltr'>pecoris:</span> <span class='ocrx_word' id='word_1_17' title='bbox 216 445 250 488; x_wconf 89' lang='lat' dir='ltr'>eo</span> <span class='ocrx_word' id='word_1_18' title='bbox 266 426 379 505; x_wconf 85' lang='lat' dir='ltr'>inponit</span> <span class='ocrx_word' id='word_1_19' title='bbox 391 442 459 486; x_wconf 83' lang='lat' dir='ltr'>vasa</span> <span class='ocrx_word' id='word_1_20' title='bbox 470 427 610 505; x_wconf 88' lang='lat' dir='ltr'>cuiusque</span> <span class='ocrx_word' id='word_1_21' title='bbox 624 430 712 500; x_wconf 90' lang='lat' dir='ltr'>modi,</span> <span class='ocrx_word' id='word_1_22' title='bbox 728 438 772 491; x_wconf 85' lang='lat' dir='ltr'>set</span> <span class='ocrx_word' id='word_1_23' title='bbox 784 428 924 509; x_wconf 89' lang='lat' dir='ltr'>pleraque</span> <span class='ocrx_word' id='word_1_24' title='bbox 939 431 1043 510; x_wconf 87' lang='lat' dir='ltr'>lignea,</span> 
     </span>
     <span class='ocr_line' id='line_1_4' title="bbox 62 489 1071 592; baseline 0 -18"><span class='ocrx_word' id='word_1_25' title='bbox 62 511 199 574; x_wconf 88' lang='lat' dir='ltr'>conlecta</span> <span class='ocrx_word' id='word_1_26' title='bbox 221 529 256 572; x_wconf 84' lang='lat' dir='ltr'>ex</span> <span class='ocrx_word' id='word_1_27' title='bbox 272 510 396 587; x_wconf 92' lang='lat' dir='ltr'>tuguriis</span> <span class='ocrx_word' id='word_1_28' title='bbox 413 489 620 571; x_wconf 68' lang='lat' dir='ltr'>Numidarum:</span> <span class='ocrx_word' id='word_1_29' title='bbox 644 514 680 574; x_wconf 89' lang='lat' dir='ltr'>ad</span> <span class='ocrx_word' id='word_1_30' title='bbox 697 512 754 574; x_wconf 88' lang='lat' dir='ltr'>hoc</span> <span class='ocrx_word' id='word_1_31' title='bbox 768 513 1071 592; x_wconf 78' lang='lat' dir='ltr'>finitumisimperat.5</span> 
     </span>
     <span class='ocr_line' id='line_1_5' title="bbox 62 591 1045 678; baseline 0.002 -21"><span class='ocrx_word' id='word_1_32' title='bbox 62 598 115 677; x_wconf 90' lang='lat' dir='ltr'>qui</span> <span class='ocrx_word' id='word_1_33' title='bbox 131 611 164 657; x_wconf 90' lang='lat' dir='ltr'>se</span> <span class='ocrx_word' id='word_1_34' title='bbox 177 600 245 674; x_wconf 91' lang='lat' dir='ltr'>post</span> <span class='ocrx_word' id='word_1_35' title='bbox 259 594 337 670; x_wconf 87' lang='lat' dir='ltr'>regis</span> <span class='ocrx_word' id='word_1_36' title='bbox 351 591 451 669; x_wconf 82' lang='lat' dir='ltr'>fugam</span> <span class='ocrx_word' id='word_1_37' title='bbox 467 592 581 655; x_wconf 87' lang='lat' dir='ltr'>Metello</span> <span class='ocrx_word' id='word_1_38' title='bbox 596 594 750 668; x_wconf 87' lang='lat' dir='ltr'>dederant,</span> <span class='ocrx_word' id='word_1_39' title='bbox 768 615 855 678; x_wconf 90' lang='lat' dir='ltr'>quam</span> <span class='ocrx_word' id='word_1_40' title='bbox 876 596 1045 674; x_wconf 83' lang='lat' dir='ltr'>plurumum</span> 
     </span>
     <span class='ocr_line' id='line_1_6' title="bbox 38 677 1046 760; baseline 0.002 -22"><span class='ocrx_word' id='word_1_41' title='bbox 38 682 190 760; x_wconf 78' lang='lat' dir='ltr'>equisque</span> <span class='ocrx_word' id='word_1_42' title='bbox 212 695 304 756; x_wconf 85' lang='lat' dir='ltr'>aquae</span> <span class='ocrx_word' id='word_1_43' title='bbox 320 682 467 754; x_wconf 89' lang='lat' dir='ltr'>portaret,</span> <span class='ocrx_word' id='word_1_44' title='bbox 490 678 567 738; x_wconf 89' lang='lat' dir='ltr'>diem</span> <span class='ocrx_word' id='word_1_45' title='bbox 582 677 752 760; x_wconf 89' lang='lat' dir='ltr'>lucumque,</span> <span class='ocrx_word' id='word_1_46' title='bbox 771 680 823 741; x_wconf 89' lang='lat' dir='ltr'>ubi</span> <span class='ocrx_word' id='word_1_47' title='bbox 854 688 973 758; x_wconf 90' lang='lat' dir='ltr'>praesto</span> <span class='ocrx_word' id='word_1_48' title='bbox 1002 681 1046 740; x_wconf 83' lang='lat' dir='ltr'>so·</span> 
     </span>
     <span class='ocr_line' id='line_1_7' title="bbox 59 760 1070 844; baseline -0.001 -17"><span class='ocrx_word' id='word_1_49' title='bbox 59 772 141 838; x_wconf 86' lang='lat' dir='ltr'>rent,</span> <span class='ocrx_word' id='word_1_50' title='bbox 161 760 318 840; x_wconf 80' lang='lat' dir='ltr'>praedicit:</span> <span class='ocrx_word' id='word_1_51' title='bbox 343 761 405 838; x_wconf 90' lang='lat' dir='ltr'>ipse</span> <span class='ocrx_word' id='word_1_52' title='bbox 428 778 464 822; x_wconf 83' lang='lat' dir='ltr'>ex</span> <span class='ocrx_word' id='word_1_53' title='bbox 486 761 615 833; x_wconf 88' lang='lat' dir='ltr'>flumine,</span> <span class='ocrx_word' id='word_1_54' title='bbox 641 782 727 843; x_wconf 92' lang='lat' dir='ltr'>quam</span> <span class='ocrx_word' id='word_1_55' title='bbox 740 782 913 842; x_wconf 83' lang='lat' dir='ltr'>proxumam</span> <span class='ocrx_word' id='word_1_56' title='bbox 936 766 1070 844; x_wconf 77' lang='lat' dir='ltr'>oppidoa</span> 
     </span>
     <span class='ocr_line' id='line_1_8' title="bbox 61 844 1044 926; baseline 0 -18"><span class='ocrx_word' id='word_1_57' title='bbox 61 864 173 926; x_wconf 84' lang='lat' dir='ltr'>equam</span> <span class='ocrx_word' id='word_1_58' title='bbox 194 862 258 906; x_wconf 88' lang='lat' dir='ltr'>esse</span> <span class='ocrx_word' id='word_1_59' title='bbox 280 861 370 923; x_wconf 88' lang='lat' dir='ltr'>supra</span> <span class='ocrx_word' id='word_1_60' title='bbox 392 844 525 915; x_wconf 87' lang='lat' dir='ltr'>diximus,</span> <span class='ocrx_word' id='word_1_61' title='bbox 545 845 673 908; x_wconf 88' lang='lat' dir='ltr'>iumenta</span> <span class='ocrx_word' id='word_1_62' title='bbox 694 855 813 908; x_wconf 89' lang='lat' dir='ltr'>onerat:</span> <span class='ocrx_word' id='word_1_63' title='bbox 836 866 871 908; x_wconf 88' lang='lat' dir='ltr'>eo</span> <span class='ocrx_word' id='word_1_64' title='bbox 894 848 982 909; x_wconf 93' lang='lat' dir='ltr'>modo</span> <span class='ocrx_word' id='word_1_65' title='bbox 1000 850 1044 909; x_wconf 91' lang='lat' dir='ltr'>in-</span> 
     </span>
     <span class='ocr_line' id='line_1_9' title="bbox 61 926 1069 1006; baseline 0.002 -14"><span class='ocrx_word' id='word_1_66' title='bbox 61 936 195 992; x_wconf 89' lang='lat' dir='ltr'>structus</span> <span class='ocrx_word' id='word_1_67' title='bbox 217 928 254 989; x_wconf 92' lang='lat' dir='ltr'>ad</span> <span class='ocrx_word' id='word_1_68' title='bbox 277 926 400 988; x_wconf 81' lang='lat' dir='ltr'>Thalam</span> <span class='ocrx_word' id='word_1_69' title='bbox 422 929 626 1006; x_wconf 90' lang='lat' dir='ltr'>proficiscitur.</span> <span class='ocrx_word' id='word_1_70' title='bbox 675 931 785 993; x_wconf 79' lang='lat' dir='ltr'>Deinde</span> <span class='ocrx_word' id='word_1_71' title='bbox 805 932 857 993; x_wconf 93' lang='lat' dir='ltr'>ubi</span> <span class='ocrx_word' id='word_1_72' title='bbox 878 932 915 992; x_wconf 86' lang='lat' dir='ltr'>ad</span> <span class='ocrx_word' id='word_1_73' title='bbox 937 932 966 993; x_wconf 95' lang='lat' dir='ltr'>id</span> <span class='ocrx_word' id='word_1_74' title='bbox 987 933 1069 997; x_wconf 81' lang='lat' dir='ltr'>locir</span> 
     </span>
     <span class='ocr_line' id='line_1_10' title="bbox 60 1011 1045 1094; baseline 0.002 -19"><span class='ocrx_word' id='word_1_75' title='bbox 60 1021 193 1083; x_wconf 84' lang='lat' dir='ltr'>ventum,</span> <span class='ocrx_word' id='word_1_76' title='bbox 216 1031 274 1092; x_wconf 90' lang='lat' dir='ltr'>quo</span> <span class='ocrx_word' id='word_1_77' title='bbox 289 1011 421 1072; x_wconf 91' lang='lat' dir='ltr'>Numidis</span> <span class='ocrx_word' id='word_1_78' title='bbox 435 1020 635 1091; x_wconf 82' lang='lat' dir='ltr'>praeceperat,</span> <span class='ocrx_word' id='word_1_79' title='bbox 655 1021 684 1076; x_wconf 93' lang='lat' dir='ltr'>et</span> <span class='ocrx_word' id='word_1_80' title='bbox 704 1022 798 1076; x_wconf 88' lang='lat' dir='ltr'>castra</span> <span class='ocrx_word' id='word_1_81' title='bbox 813 1017 906 1094; x_wconf 90' lang='lat' dir='ltr'>posita</span> <span class='ocrx_word' id='word_1_82' title='bbox 920 1018 1045 1077; x_wconf 91' lang='lat' dir='ltr'>munita·</span> 
     </span>
     <span class='ocr_line' id='line_1_11' title="bbox 23 1097 1045 1180; baseline 0 -20"><span class='ocrx_word' id='word_1_83' title='bbox 23 1118 49 1160; x_wconf 81' lang='lat' dir='ltr'>ro</span> <span class='ocrx_word' id='word_1_84' title='bbox 61 1118 123 1180; x_wconf 88' lang='lat' dir='ltr'>que</span> <span class='ocrx_word' id='word_1_85' title='bbox 137 1103 222 1166; x_wconf 88' lang='lat' dir='ltr'>sunt,</span> <span class='ocrx_word' id='word_1_86' title='bbox 241 1102 320 1157; x_wconf 88' lang='lat' dir='ltr'>tanta</span> <span class='ocrx_word' id='word_1_87' title='bbox 341 1102 464 1173; x_wconf 89' lang='lat' dir='ltr'>repente</span> <span class='ocrx_word' id='word_1_88' title='bbox 485 1097 566 1157; x_wconf 88' lang='lat' dir='ltr'>caelo</span> <span class='ocrx_word' id='word_1_89' title='bbox 583 1098 670 1159; x_wconf 91' lang='lat' dir='ltr'>missa</span> <span class='ocrx_word' id='word_1_90' title='bbox 690 1100 732 1160; x_wconf 81' lang='lat' dir='ltr'>ris</span> <span class='ocrx_word' id='word_1_91' title='bbox 755 1117 848 1179; x_wconf 89' lang='lat' dir='ltr'>aquae</span> <span class='ocrx_word' id='word_1_92' title='bbox 870 1097 989 1169; x_wconf 90' lang='lat' dir='ltr'>dicitur,</span> <span class='ocrx_word' id='word_1_93' title='bbox 1012 1106 1045 1160; x_wconf 91' lang='lat' dir='ltr'>ut</span> 
     </span>
     <span class='ocr_line' id='line_1_12' title="bbox 60 1178 1071 1258; baseline 0.004 -12"><span class='ocrx_word' id='word_1_94' title='bbox 60 1201 98 1246; x_wconf 90' lang='lat' dir='ltr'>ea</span> <span class='ocrx_word' id='word_1_95' title='bbox 113 1181 203 1242; x_wconf 88' lang='lat' dir='ltr'>modo</span> <span class='ocrx_word' id='word_1_96' title='bbox 220 1178 362 1242; x_wconf 87' lang='lat' dir='ltr'>exercitui</span> <span class='ocrx_word' id='word_1_97' title='bbox 377 1180 446 1240; x_wconf 88' lang='lat' dir='ltr'>satis</span> <span class='ocrx_word' id='word_1_98' title='bbox 460 1197 607 1258; x_wconf 90' lang='lat' dir='ltr'>superque</span> <span class='ocrx_word' id='word_1_99' title='bbox 621 1181 706 1242; x_wconf 88' lang='lat' dir='ltr'>ieret.</span> <span class='ocrx_word' id='word_1_100' title='bbox 737 1182 893 1244; x_wconf 85' lang='lat' dir='ltr'>Praeterea</span> <span class='ocrx_word' id='word_1_101' title='bbox 909 1199 1071 1257; x_wconf 83' lang='lat' dir='ltr'>commea-8</span> 
     </span>
     <span class='ocr_line' id='line_1_13' title="bbox 59 1262 1044 1345; baseline -0.001 -17"><span class='ocrx_word' id='word_1_102' title='bbox 59 1276 110 1328; x_wconf 85' lang='lat' dir='ltr'>tus</span> <span class='ocrx_word' id='word_1_103' title='bbox 132 1283 185 1343; x_wconf 88' lang='lat' dir='ltr'>spe</span> <span class='ocrx_word' id='word_1_104' title='bbox 207 1262 340 1342; x_wconf 89' lang='lat' dir='ltr'>amplior,</span> <span class='ocrx_word' id='word_1_105' title='bbox 363 1263 429 1342; x_wconf 85' lang='lat' dir='ltr'>quia</span> <span class='ocrx_word' id='word_1_106' title='bbox 450 1262 602 1334; x_wconf 89' lang='lat' dir='ltr'>Numidae,</span> <span class='ocrx_word' id='word_1_107' title='bbox 624 1265 709 1326; x_wconf 88' lang='lat' dir='ltr'>sicuti</span> <span class='ocrx_word' id='word_1_108' title='bbox 722 1265 895 1345; x_wconf 90' lang='lat' dir='ltr'>pleriquein</span> <span class='ocrx_word' id='word_1_109' title='bbox 908 1266 1044 1327; x_wconf 84' lang='lat' dir='ltr'>novade-</span> 
     </span>
     <span class='ocr_line' id='line_1_14' title="bbox 60 1345 1071 1428; baseline 0.001 -17"><span class='ocrx_word' id='word_1_110' title='bbox 60 1350 182 1418; x_wconf 90' lang='lat' dir='ltr'>ditioue‚</span> <span class='ocrx_word' id='word_1_111' title='bbox 198 1348 293 1408; x_wconf 84' lang='lat' dir='ltr'>officia</span> <span class='ocrx_word' id='word_1_112' title='bbox 304 1346 497 1408; x_wconf 88' lang='lat' dir='ltr'>intenderant.</span> <span class='ocrx_word' id='word_1_113' title='bbox 522 1345 658 1409; x_wconf 87' lang='lat' dir='ltr'>Ceterum</span> <span class='ocrx_word' id='word_1_114' title='bbox 673 1348 777 1410; x_wconf 87' lang='lat' dir='ltr'>milites</span> <span class='ocrx_word' id='word_1_115' title='bbox 791 1349 932 1426; x_wconf 84' lang='lat' dir='ltr'>religione</span> <span class='ocrx_word' id='word_1_116' title='bbox 948 1349 1071 1428; x_wconf 78' lang='lat' dir='ltr'>pluviae</span> 
     </span>
     <span class='ocr_line' id='line_1_15' title="bbox 61 1429 1044 1510; baseline -0.002 -15"><span class='ocrx_word' id='word_1_117' title='bbox 61 1433 159 1510; x_wconf 87' lang='lat' dir='ltr'>magis</span> <span class='ocrx_word' id='word_1_118' title='bbox 179 1433 240 1501; x_wconf 91' lang='lat' dir='ltr'>usi,</span> <span class='ocrx_word' id='word_1_119' title='bbox 264 1448 358 1509; x_wconf 88' lang='lat' dir='ltr'>eaque</span> <span class='ocrx_word' id='word_1_120' title='bbox 379 1447 428 1490; x_wconf 86' lang='lat' dir='ltr'>res</span> <span class='ocrx_word' id='word_1_121' title='bbox 448 1429 572 1492; x_wconf 90' lang='lat' dir='ltr'>multum</span> <span class='ocrx_word' id='word_1_122' title='bbox 586 1433 689 1493; x_wconf 89' lang='lat' dir='ltr'>animis</span> <span class='ocrx_word' id='word_1_123' title='bbox 711 1450 814 1494; x_wconf 89' lang='lat' dir='ltr'>eorum</span> <span class='ocrx_word' id='word_1_124' title='bbox 830 1431 953 1493; x_wconf 84' lang='lat' dir='ltr'>addidit:</span> <span class='ocrx_word' id='word_1_125' title='bbox 976 1449 1044 1493; x_wconf 87' lang='lat' dir='ltr'>nam</span> 
     </span>
     <span class='ocr_line' id='line_1_16' title="bbox 20 1513 1044 1594; baseline 0 -16"><span class='ocrx_word' id='word_1_126' title='bbox 20 1539 49 1578; x_wconf 80' lang='lat' dir='ltr'>ra</span> <span class='ocrx_word' id='word_1_127' title='bbox 60 1519 120 1580; x_wconf 91' lang='lat' dir='ltr'>rati</span> <span class='ocrx_word' id='word_1_128' title='bbox 141 1533 206 1577; x_wconf 88' lang='lat' dir='ltr'>sese</span> <span class='ocrx_word' id='word_1_129' title='bbox 226 1515 288 1576; x_wconf 88' lang='lat' dir='ltr'>deis</span> <span class='ocrx_word' id='word_1_130' title='bbox 302 1513 505 1574; x_wconf 84' lang='lat' dir='ltr'>inmortalibus</span> <span class='ocrx_word' id='word_1_131' title='bbox 527 1533 615 1578; x_wconf 90' lang='lat' dir='ltr'>curae</span> <span class='ocrx_word' id='word_1_132' title='bbox 631 1533 703 1578; x_wconf 89' lang='lat' dir='ltr'>csse.</span> <span class='ocrx_word' id='word_1_133' title='bbox 740 1516 851 1577; x_wconf 85' lang='lat' dir='ltr'>Deinde</span> <span class='ocrx_word' id='word_1_134' title='bbox 865 1522 982 1594; x_wconf 87' lang='lat' dir='ltr'>postero</span> <span class='ocrx_word' id='word_1_135' title='bbox 997 1516 1044 1578; x_wconf 93' lang='lat' dir='ltr'>die</span> 
     </span>
     <span class='ocr_line' id='line_1_17' title="bbox 60 1597 1087 1678; baseline -0.002 -15"><span class='ocrx_word' id='word_1_136' title='bbox 60 1607 167 1664; x_wconf 87' lang='lat' dir='ltr'>contra</span> <span class='ocrx_word' id='word_1_137' title='bbox 190 1599 357 1677; x_wconf 89' lang='lat' dir='ltr'>opinionem</span> <span class='ocrx_word' id='word_1_138' title='bbox 377 1597 535 1676; x_wconf 84' lang='lat' dir='ltr'>Iugurthae</span> <span class='ocrx_word' id='word_1_139' title='bbox 549 1600 587 1659; x_wconf 92' lang='lat' dir='ltr'>ad</span> <span class='ocrx_word' id='word_1_140' title='bbox 601 1599 721 1661; x_wconf 84' lang='lat' dir='ltr'>Thalam</span> <span class='ocrx_word' id='word_1_141' title='bbox 735 1600 917 1678; x_wconf 84' lang='lat' dir='ltr'>perveniunt.</span> <span class='ocrx_word' id='word_1_142' title='bbox 955 1598 1087 1678; x_wconf 84' lang='lat' dir='ltr'>Oppi-10</span> 
     </span>
     <span class='ocr_line' id='line_1_18' title="bbox 60 1680 1043 1761; baseline -0.002 -15"><span class='ocrx_word' id='word_1_143' title='bbox 60 1684 141 1753; x_wconf 89' lang='lat' dir='ltr'>dani,</span> <span class='ocrx_word' id='word_1_144' title='bbox 158 1684 207 1761; x_wconf 89' lang='lat' dir='ltr'>qui</span> <span class='ocrx_word' id='word_1_145' title='bbox 222 1699 254 1742; x_wconf 90' lang='lat' dir='ltr'>se</span> <span class='ocrx_word' id='word_1_146' title='bbox 266 1680 400 1742; x_wconf 92' lang='lat' dir='ltr'>locorum</span> <span class='ocrx_word' id='word_1_147' title='bbox 414 1683 569 1759; x_wconf 89' lang='lat' dir='ltr'>asperitate</span> <span class='ocrx_word' id='word_1_148' title='bbox 583 1685 710 1744; x_wconf 90' lang='lat' dir='ltr'>munitos</span> <span class='ocrx_word' id='word_1_149' title='bbox 725 1683 924 1753; x_wconf 87' lang='lat' dir='ltr'>crediderant,</span> <span class='ocrx_word' id='word_1_150' title='bbox 937 1700 1043 1760; x_wconf 85' lang='lat' dir='ltr'>magna</span> 
     </span>
     <span class='ocr_line' id='line_1_19' title="bbox 59 1764 1042 1847; baseline -0.003 -16"><span class='ocrx_word' id='word_1_151' title='bbox 59 1776 151 1847; x_wconf 88' lang='lat' dir='ltr'>atque</span> <span class='ocrx_word' id='word_1_152' title='bbox 178 1765 293 1826; x_wconf 89' lang='lat' dir='ltr'>insolita</span> <span class='ocrx_word' id='word_1_153' title='bbox 319 1764 518 1843; x_wconf 87' lang='lat' dir='ltr'>reperculsi,</span> <span class='ocrx_word' id='word_1_154' title='bbox 540 1764 631 1827; x_wconf 90' lang='lat' dir='ltr'>nihilo</span> <span class='ocrx_word' id='word_1_155' title='bbox 654 1769 771 1845; x_wconf 78' lang='lat' dir='ltr'>segnIus</span> <span class='ocrx_word' id='word_1_156' title='bbox 791 1766 900 1828; x_wconf 89' lang='lat' dir='ltr'>bellum</span> <span class='ocrx_word' id='word_1_157' title='bbox 921 1784 1042 1845; x_wconf 85' lang='lat' dir='ltr'>parare:</span> 
     </span>
     <span class='ocr_line' id='line_1_20' title="bbox 59 1849 1094 1920; baseline -0.003 -5"><span class='ocrx_word' id='word_1_158' title='bbox 59 1853 142 1915; x_wconf 92' lang='lat' dir='ltr'>idem</span> <span class='ocrx_word' id='word_1_159' title='bbox 161 1851 254 1910; x_wconf 86' lang='lat' dir='ltr'>nostri</span> <span class='ocrx_word' id='word_1_160' title='bbox 280 1849 387 1910; x_wconf 88' lang='lat' dir='ltr'>iacere.</span> <span class='ocrx_word' id='word_1_161' title='bbox 410 1849 571 1920; x_wconf 75' lang='lat' dir='ltr'>Setuci,</span> <span class='ocrx_word' id='word_1_162' title='bbox 595 1850 667 1912; x_wconf 91' lang='lat' dir='ltr'>nihil</span> <span class='ocrx_word' id='word_1_163' title='bbox 691 1853 748 1913; x_wconf 93' lang='lat' dir='ltr'>iam</span> <span class='ocrx_word' id='word_1_164' title='bbox 771 1851 911 1912; x_wconf 87' lang='lat' dir='ltr'>iniectum</span> <span class='ocrx_word' id='word_1_165' title='bbox 928 1850 1043 1912; x_wconf 88' lang='lat' dir='ltr'>Metello</span> <span class='ocrx_word' id='word_1_166' title='bbox 1054 1852 1094 1913; x_wconf 89' lang='grc'>76</span> 
     </span>
     <span class='ocr_line' id='line_1_21' title="bbox 19 1933 1043 2014; baseline -0.003 -15"><span class='ocrx_word' id='word_1_167' title='bbox 19 1935 204 2003; x_wconf 75' lang='lat' dir='ltr'>adcredens,</span> <span class='ocrx_word' id='word_1_168' title='bbox 227 1933 334 2012; x_wconf 85' lang='lat' dir='ltr'>quippe</span> <span class='ocrx_word' id='word_1_169' title='bbox 357 1933 406 2011; x_wconf 89' lang='lat' dir='ltr'>qui</span> <span class='ocrx_word' id='word_1_170' title='bbox 421 1935 526 2004; x_wconf 87' lang='lat' dir='ltr'>omnia,</span> <span class='ocrx_word' id='word_1_171' title='bbox 543 1952 623 1995; x_wconf 89' lang='lat' dir='ltr'>arma</span> <span class='ocrx_word' id='word_1_172' title='bbox 640 1934 712 2006; x_wconf 85' lang='lat' dir='ltr'>tela,</span> <span class='ocrx_word' id='word_1_173' title='bbox 731 1935 811 1996; x_wconf 90' lang='lat' dir='ltr'>locos</span> <span class='ocrx_word' id='word_1_174' title='bbox 828 1942 976 2014; x_wconf 86' lang='lat' dir='ltr'>tempora,</span> <span class='ocrx_word' id='word_1_175' title='bbox 992 1935 1043 1996; x_wconf 88' lang='lat' dir='ltr'>de·</span> 
     </span>
     <span class='ocr_line' id='line_1_22' title="bbox 58 2017 1042 2098; baseline -0.004 -16"><span class='ocrx_word' id='word_1_176' title='bbox 58 2021 152 2098; x_wconf 83' lang='lat' dir='ltr'>nique</span> <span class='ocrx_word' id='word_1_177' title='bbox 166 2023 302 2078; x_wconf 89' lang='lat' dir='ltr'>naturam</span> <span class='ocrx_word' id='word_1_178' title='bbox 316 2018 410 2095; x_wconf 91' lang='lat' dir='ltr'>ipsam</span> <span class='ocrx_word' id='word_1_179' title='bbox 425 2017 749 2097; x_wconf 88' lang='lat' dir='ltr'>ceterisimperitantem</span> <span class='ocrx_word' id='word_1_180' title='bbox 765 2019 907 2080; x_wconf 90' lang='lat' dir='ltr'>industria</span> <span class='ocrx_word' id='word_1_181' title='bbox 925 2023 1042 2088; x_wconf 87' lang='lat' dir='ltr'>vicerat,</span> 
     </span>
     <span class='ocr_line' id='line_1_23' title="bbox 59 2100 1043 2182; baseline -0.005 -17"><span class='ocrx_word' id='word_1_182' title='bbox 59 2121 132 2165; x_wconf 93' lang='lat' dir='ltr'>cum</span> <span class='ocrx_word' id='word_1_183' title='bbox 147 2100 249 2162; x_wconf 87' lang='lat' dir='ltr'>liberis</span> <span class='ocrx_word' id='word_1_184' title='bbox 267 2108 296 2162; x_wconf 90' lang='lat' dir='ltr'>et</span> <span class='ocrx_word' id='word_1_185' title='bbox 309 2117 415 2179; x_wconf 89' lang='lat' dir='ltr'>magna</span> <span class='ocrx_word' id='word_1_186' title='bbox 429 2108 512 2179; x_wconf 88' lang='lat' dir='ltr'>parte</span> <span class='ocrx_word' id='word_1_187' title='bbox 527 2103 668 2181; x_wconf 86' lang='lat' dir='ltr'>pecuniae</span> <span class='ocrx_word' id='word_1_188' title='bbox 683 2122 718 2164; x_wconf 86' lang='lat' dir='ltr'>ex</span> <span class='ocrx_word' id='word_1_189' title='bbox 733 2102 840 2182; x_wconf 91' lang='lat' dir='ltr'>oppido</span> <span class='ocrx_word' id='word_1_190' title='bbox 862 2107 952 2162; x_wconf 90' lang='lat' dir='ltr'>noctu</span> <span class='ocrx_word' id='word_1_191' title='bbox 973 2119 1043 2179; x_wconf 93' lang='lat' dir='ltr'>pro·</span> 
     </span>
     <span class='ocr_line' id='line_1_24' title="bbox 58 2184 1044 2265; baseline -0.003 -17"><span class='ocrx_word' id='word_1_192' title='bbox 58 2188 145 2265; x_wconf 83' lang='lat' dir='ltr'>fugit,</span> <span class='ocrx_word' id='word_1_193' title='bbox 170 2203 266 2264; x_wconf 88' lang='lat' dir='ltr'>neque</span> <span class='ocrx_word' id='word_1_194' title='bbox 286 2191 387 2264; x_wconf 87' lang='lat' dir='ltr'>postea</span> <span class='ocrx_word' id='word_1_195' title='bbox 408 2186 437 2244; x_wconf 92' lang='lat' dir='ltr'>iu</span> <span class='ocrx_word' id='word_1_196' title='bbox 458 2184 517 2245; x_wconf 93' lang='lat' dir='ltr'>ullo</span> <span class='ocrx_word' id='word_1_197' title='bbox 536 2185 602 2246; x_wconf 95' lang='lat' dir='ltr'>loco</span> <span class='ocrx_word' id='word_1_198' title='bbox 625 2185 748 2265; x_wconf 91' lang='lat' dir='ltr'>amplius</span> <span class='ocrx_word' id='word_1_199' title='bbox 769 2203 830 2246; x_wconf 89' lang='lat' dir='ltr'>uuo</span> <span class='ocrx_word' id='word_1_200' title='bbox 852 2185 899 2246; x_wconf 91' lang='lat' dir='ltr'>die</span> <span class='ocrx_word' id='word_1_201' title='bbox 921 2189 971 2245; x_wconf 89' lang='lat' dir='ltr'>aut</span> <span class='ocrx_word' id='word_1_202' title='bbox 985 2202 1044 2245; x_wconf 88' lang='lat' dir='ltr'>una</span> 
     </span>
     <span class='ocr_line' id='line_1_25' title="bbox 57 2267 1044 2347; baseline -0.003 -15"><span class='ocrx_word' id='word_1_203' title='bbox 57 2276 149 2332; x_wconf 89' lang='lat' dir='ltr'>nocte</span> <span class='ocrx_word' id='word_1_204' title='bbox 163 2274 308 2338; x_wconf 89' lang='lat' dir='ltr'>moratus,</span> <span class='ocrx_word' id='word_1_205' title='bbox 325 2267 480 2328; x_wconf 89' lang='lat' dir='ltr'>simulabat</span> <span class='ocrx_word' id='word_1_206' title='bbox 495 2285 559 2329; x_wconf 90' lang='lat' dir='ltr'>sese</span> <span class='ocrx_word' id='word_1_207' title='bbox 574 2271 672 2346; x_wconf 87' lang='lat' dir='ltr'>negoti</span> <span class='ocrx_word' id='word_1_208' title='bbox 687 2269 778 2347; x_wconf 86' lang='lat' dir='ltr'>gratia</span> <span class='ocrx_word' id='word_1_209' title='bbox 796 2285 973 2347; x_wconf 89' lang='lat' dir='ltr'>properare:</span> <span class='ocrx_word' id='word_1_210' title='bbox 997 2286 1044 2329; x_wconf 92' lang='lat' dir='ltr'>ce·</span> 
     </span>
     <span class='ocr_line' id='line_1_26' title="bbox 18 2349 1044 2431; baseline -0.004 -14"><span class='ocrx_word' id='word_1_211' title='bbox 18 2377 48 2418; x_wconf 79' lang='lat' dir='ltr'>re</span> <span class='ocrx_word' id='word_1_212' title='bbox 58 2363 160 2417; x_wconf 87' lang='lat' dir='ltr'>terum</span> <span class='ocrx_word' id='word_1_213' title='bbox 174 2352 369 2431; x_wconf 88' lang='lat' dir='ltr'>proditionem</span> <span class='ocrx_word' id='word_1_214' title='bbox 383 2349 512 2422; x_wconf 90' lang='lat' dir='ltr'>timebat,</span> <span class='ocrx_word' id='word_1_215' title='bbox 528 2370 616 2431; x_wconf 85' lang='lat' dir='ltr'>quam</span> <span class='ocrx_word' id='word_1_216' title='bbox 627 2353 717 2414; x_wconf 84' lang='lat' dir='ltr'>vitare</span> <span class='ocrx_word' id='word_1_217' title='bbox 732 2368 818 2430; x_wconf 82' lang='lat' dir='ltr'>posse</span> <span class='ocrx_word' id='word_1_218' title='bbox 834 2351 980 2414; x_wconf 87' lang='lat' dir='ltr'>celeritate</span> <span class='ocrx_word' id='word_1_219' title='bbox 989 2370 1044 2431; x_wconf 93' lang='lat' dir='ltr'>pu·</span> 
     </span>
     <span class='ocr_line' id='line_1_27' title="bbox 56 2434 1042 2516; baseline -0.006 -14"><span class='ocrx_word' id='word_1_220' title='bbox 56 2437 158 2502; x_wconf 86' lang='lat' dir='ltr'>tabat:</span> <span class='ocrx_word' id='word_1_221' title='bbox 180 2453 248 2496; x_wconf 89' lang='lat' dir='ltr'>uam</span> <span class='ocrx_word' id='word_1_222' title='bbox 265 2435 333 2497; x_wconf 90' lang='lat' dir='ltr'>talia</span> <span class='ocrx_word' id='word_1_223' title='bbox 354 2434 473 2496; x_wconf 89' lang='lat' dir='ltr'>consilia</span> <span class='ocrx_word' id='word_1_224' title='bbox 484 2452 538 2516; x_wconf 89' lang='lat' dir='ltr'>per</span> <span class='ocrx_word' id='word_1_225' title='bbox 551 2437 642 2497; x_wconf 91' lang='lat' dir='ltr'>otium</span> <span class='ocrx_word' id='word_1_226' title='bbox 654 2443 722 2497; x_wconf 86' lang='lat' dir='ltr'>etex</span> <span class='ocrx_word' id='word_1_227' title='bbox 731 2436 950 2514; x_wconf 90' lang='lat' dir='ltr'>opportunitate</span> <span class='ocrx_word' id='word_1_228' title='bbox 968 2437 1042 2513; x_wconf 85' lang='lat' dir='ltr'>capi.</span> 
     </span>
     <span class='ocr_line' id='line_1_28' title="bbox 56 2517 1068 2599; baseline -0.009 -13"><span class='ocrx_word' id='word_1_229' title='bbox 56 2525 97 2586; x_wconf 78' lang='lat' dir='ltr'>nt</span> <span class='ocrx_word' id='word_1_230' title='bbox 113 2518 256 2590; x_wconf 89' lang='lat' dir='ltr'>Metellus,</span> <span class='ocrx_word' id='word_1_231' title='bbox 270 2520 322 2580; x_wconf 89' lang='lat' dir='ltr'>ubi</span> <span class='ocrx_word' id='word_1_232' title='bbox 342 2518 502 2599; x_wconf 89' lang='lat' dir='ltr'>oppidanos</span> <span class='ocrx_word' id='word_1_233' title='bbox 516 2517 629 2598; x_wconf 87' lang='lat' dir='ltr'>proelio</span> <span class='ocrx_word' id='word_1_234' title='bbox 643 2520 778 2587; x_wconf 87' lang='lat' dir='ltr'>intentos,</span> <span class='ocrx_word' id='word_1_235' title='bbox 797 2517 884 2579; x_wconf 92' lang='lat' dir='ltr'>simul</span> <span class='ocrx_word' id='word_1_236' title='bbox 904 2517 1068 2597; x_wconf 73' lang='lat' dir='ltr'>oppidumt</span> 
     </span>
     <span class='ocr_line' id='line_1_29' title="bbox 57 2601 1044 2685; baseline -0.005 -18"><span class='ocrx_word' id='word_1_237' title='bbox 57 2613 91 2670; x_wconf 91' lang='lat' dir='ltr'>et</span> <span class='ocrx_word' id='word_1_238' title='bbox 112 2604 252 2685; x_wconf 88' lang='lat' dir='ltr'>operibus</span> <span class='ocrx_word' id='word_1_239' title='bbox 274 2611 303 2664; x_wconf 91' lang='lat' dir='ltr'>et</span> <span class='ocrx_word' id='word_1_240' title='bbox 324 2603 389 2664; x_wconf 93' lang='lat' dir='ltr'>loco</span> <span class='ocrx_word' id='word_1_241' title='bbox 412 2603 556 2664; x_wconf 90' lang='lat' dir='ltr'>munitum</span> <span class='ocrx_word' id='word_1_242' title='bbox 581 2603 668 2673; x_wconf 85' lang='lat' dir='ltr'>ridet,</span> <span class='ocrx_word' id='word_1_243' title='bbox 690 2601 765 2664; x_wconf 83' lang='lat' dir='ltr'>vallo</span> <span class='ocrx_word' id='word_1_244' title='bbox 781 2602 916 2681; x_wconf 81' lang='lat' dir='ltr'>fossaque</span> <span class='ocrx_word' id='word_1_245' title='bbox 928 2603 1044 2662; x_wconf 89' lang='lat' dir='ltr'>moenia</span> 
     </span>
     <span class='ocr_line' id='line_1_30' title="bbox 60 2685 1070 2766; baseline -0.004 -14"><span class='ocrx_word' id='word_1_246' title='bbox 60 2689 263 2752; x_wconf 83' lang='lat' dir='ltr'>circumvenit.</span> <span class='ocrx_word' id='word_1_247' title='bbox 291 2687 402 2750; x_wconf 88' lang='lat' dir='ltr'>Deinde</span> <span class='ocrx_word' id='word_1_248' title='bbox 417 2685 489 2747; x_wconf 91' lang='lat' dir='ltr'>locis</span> <span class='ocrx_word' id='word_1_249' title='bbox 508 2706 544 2748; x_wconf 84' lang='lat' dir='ltr'>ex</span> <span class='ocrx_word' id='word_1_250' title='bbox 561 2688 644 2766; x_wconf 89' lang='lat' dir='ltr'>copia</span> <span class='ocrx_word' id='word_1_251' title='bbox 664 2704 800 2749; x_wconf 84' lang='lat' dir='ltr'>maxume</span> <span class='ocrx_word' id='word_1_252' title='bbox 814 2686 927 2748; x_wconf 89' lang='lat' dir='ltr'>idoneis</span> <span class='ocrx_word' id='word_1_253' title='bbox 946 2686 1070 2748; x_wconf 75' lang='lat' dir='ltr'>vineastt</span> 
     </span>
     <span class='ocr_line' id='line_1_31' title="bbox 19 2769 1042 2852; baseline -0.004 -18"><span class='ocrx_word' id='word_1_254' title='bbox 19 2791 165 2852; x_wconf 75' lang='lat' dir='ltr'>magere,</span> <span class='ocrx_word' id='word_1_255' title='bbox 195 2787 335 2849; x_wconf 80' lang='lat' dir='ltr'>aggerem</span> <span class='ocrx_word' id='word_1_256' title='bbox 355 2772 452 2832; x_wconf 88' lang='lat' dir='ltr'>iacere</span> <span class='ocrx_word' id='word_1_257' title='bbox 471 2769 528 2852; x_wconf 89' lang='lat' dir='ltr'>[et]</span> <span class='ocrx_word' id='word_1_258' title='bbox 556 2789 644 2849; x_wconf 86' lang='lat' dir='ltr'>super</span> <span class='ocrx_word' id='word_1_259' title='bbox 667 2787 806 2848; x_wconf 83' lang='lat' dir='ltr'>aggerem</span> <span class='ocrx_word' id='word_1_260' title='bbox 826 2770 960 2848; x_wconf 90' lang='lat' dir='ltr'>inpositis</span> <span class='ocrx_word' id='word_1_261' title='bbox 981 2775 1042 2830; x_wconf 93' lang='lat' dir='ltr'>tur·</span> 
     </span>
     <span class='ocr_line' id='line_1_32' title="bbox 57 2853 1068 2936; baseline -0.007 -16"><span class='ocrx_word' id='word_1_262' title='bbox 57 2857 145 2920; x_wconf 84' lang='lat' dir='ltr'>ribus</span> <span class='ocrx_word' id='word_1_263' title='bbox 163 2873 237 2936; x_wconf 90' lang='lat' dir='ltr'>opus</span> <span class='ocrx_word' id='word_1_264' title='bbox 251 2863 280 2916; x_wconf 92' lang='lat' dir='ltr'>et</span> <span class='ocrx_word' id='word_1_265' title='bbox 295 2855 480 2916; x_wconf 87' lang='lat' dir='ltr'>administros</span> <span class='ocrx_word' id='word_1_266' title='bbox 495 2856 592 2916; x_wconf 88' lang='lat' dir='ltr'>tutari.</span> <span class='ocrx_word' id='word_1_267' title='bbox 629 2854 736 2915; x_wconf 81' lang='lat' dir='ltr'>Contra</span> <span class='ocrx_word' id='word_1_268' title='bbox 753 2854 826 2915; x_wconf 90' lang='lat' dir='ltr'>haec</span> <span class='ocrx_word' id='word_1_269' title='bbox 843 2853 979 2932; x_wconf 92' lang='lat' dir='ltr'>oppidani</span> <span class='ocrx_word' id='word_1_270' title='bbox 1001 2853 1068 2914; x_wconf 70' lang='lat' dir='ltr'>iel</span> 
     </span>
     <span class='ocr_line' id='line_1_33' title="bbox 58 2936 1040 3018; baseline -0.009 -14"><span class='ocrx_word' id='word_1_271' title='bbox 58 2943 171 3004; x_wconf 89' lang='lat' dir='ltr'>stinare</span> <span class='ocrx_word' id='word_1_272' title='bbox 197 2957 317 3018; x_wconf 89' lang='lat' dir='ltr'>parare:</span> <span class='ocrx_word' id='word_1_273' title='bbox 345 2955 467 3018; x_wconf 88' lang='lat' dir='ltr'>prorsus</span> <span class='ocrx_word' id='word_1_274' title='bbox 494 2937 530 2999; x_wconf 92' lang='lat' dir='ltr'>ab</span> <span class='ocrx_word' id='word_1_275' title='bbox 559 2941 691 3018; x_wconf 89' lang='lat' dir='ltr'>utrisque</span> <span class='ocrx_word' id='word_1_276' title='bbox 718 2937 789 2998; x_wconf 91' lang='lat' dir='ltr'>nihil</span> <span class='ocrx_word' id='word_1_277' title='bbox 819 2936 942 2998; x_wconf 87' lang='lat' dir='ltr'>relicmu</span> <span class='ocrx_word' id='word_1_278' title='bbox 968 2938 1040 2998; x_wconf 87' lang='lat' dir='ltr'>lieri.</span> 
     </span>
     <span class='ocr_line' id='line_1_34' title="bbox 57 3020 1069 3105; baseline -0.005 -17"><span class='ocrx_word' id='word_1_279' title='bbox 57 3025 193 3105; x_wconf 88' lang='lat' dir='ltr'>Denique</span> <span class='ocrx_word' id='word_1_280' title='bbox 221 3023 361 3092; x_wconf 90' lang='lat' dir='ltr'>Romani,</span> <span class='ocrx_word' id='word_1_281' title='bbox 389 3021 480 3082; x_wconf 85' lang='lat' dir='ltr'>multo</span> <span class='ocrx_word' id='word_1_282' title='bbox 510 3029 577 3083; x_wconf 85' lang='lat' dir='ltr'>ante</span> <span class='ocrx_word' id='word_1_283' title='bbox 597 3021 699 3083; x_wconf 88' lang='lat' dir='ltr'>labore</span> <span class='ocrx_word' id='word_1_284' title='bbox 724 3020 902 3101; x_wconf 83' lang='lat' dir='ltr'>proeliisque</span> <span class='ocrx_word' id='word_1_285' title='bbox 924 3021 1069 3098; x_wconf 74' lang='lat' dir='ltr'>fatigatio</span> 
     </span>
     <span class='ocr_line' id='line_1_35' title="bbox 57 3104 1042 3190; baseline -0.008 -19"><span class='ocrx_word' id='word_1_286' title='bbox 57 3115 128 3190; x_wconf 89' lang='lat' dir='ltr'>post</span> <span class='ocrx_word' id='word_1_287' title='bbox 147 3108 209 3168; x_wconf 88' lang='lat' dir='ltr'>dies</span> <span class='ocrx_word' id='word_1_288' title='bbox 223 3106 428 3186; x_wconf 85' lang='lat' dir='ltr'>quadraginta,</span> <span class='ocrx_word' id='word_1_289' title='bbox 452 3123 540 3185; x_wconf 85' lang='lat' dir='ltr'>quam</span> <span class='ocrx_word' id='word_1_290' title='bbox 555 3123 589 3167; x_wconf 88' lang='lat' dir='ltr'>eo</span> <span class='ocrx_word' id='word_1_291' title='bbox 604 3112 723 3167; x_wconf 83' lang='lat' dir='ltr'>ventum</span> <span class='ocrx_word' id='word_1_292' title='bbox 739 3112 815 3176; x_wconf 90' lang='lat' dir='ltr'>erat,</span> <span class='ocrx_word' id='word_1_293' title='bbox 832 3105 938 3184; x_wconf 91' lang='lat' dir='ltr'>oppido</span> <span class='ocrx_word' id='word_1_294' title='bbox 953 3104 1042 3164; x_wconf 89' lang='lat' dir='ltr'>modo</span> 
     </span>
     <span class='ocr_line' id='line_1_36' title="bbox 19 3188 1069 3272; baseline -0.009 -18"><span class='ocrx_word' id='word_1_295' title='bbox 19 3194 160 3272; x_wconf 68' lang='lat' dir='ltr'>sapotiti:</span> <span class='ocrx_word' id='word_1_296' title='bbox 181 3192 290 3271; x_wconf 91' lang='lat' dir='ltr'>praeda</span> <span class='ocrx_word' id='word_1_297' title='bbox 313 3191 406 3252; x_wconf 87' lang='lat' dir='ltr'>omnis</span> <span class='ocrx_word' id='word_1_298' title='bbox 427 3188 463 3250; x_wconf 88' lang='lat' dir='ltr'>ah</span> <span class='ocrx_word' id='word_1_299' title='bbox 486 3189 617 3270; x_wconf 80' lang='lat' dir='ltr'>perfugis</span> <span class='ocrx_word' id='word_1_300' title='bbox 639 3196 790 3269; x_wconf 91' lang='lat' dir='ltr'>conrupta.</span> <span class='ocrx_word' id='word_1_301' title='bbox 831 3188 866 3248; x_wconf 86' lang='lat' dir='ltr'>Ei</span> <span class='ocrx_word' id='word_1_302' title='bbox 886 3195 1069 3267; x_wconf 83' lang='lat' dir='ltr'>postquamu</span> 
     </span>
     <span class='ocr_line' id='line_1_37' title="bbox 57 3269 1043 3352; baseline -0.011 -12"><span class='ocrx_word' id='word_1_303' title='bbox 57 3293 181 3340; x_wconf 90' lang='lat' dir='ltr'>murum</span> <span class='ocrx_word' id='word_1_304' title='bbox 202 3269 341 3336; x_wconf 82' lang='lat' dir='ltr'>arietibus</span> <span class='ocrx_word' id='word_1_305' title='bbox 354 3274 436 3336; x_wconf 88' lang='lat' dir='ltr'>ieriri</span> <span class='ocrx_word' id='word_1_306' title='bbox 450 3290 557 3352; x_wconf 88' lang='lat' dir='ltr'>resque</span> <span class='ocrx_word' id='word_1_307' title='bbox 571 3290 638 3334; x_wconf 90' lang='lat' dir='ltr'>suas</span> <span class='ocrx_word' id='word_1_308' title='bbox 659 3272 788 3334; x_wconf 84' lang='lat' dir='ltr'>adflictas</span> <span class='ocrx_word' id='word_1_309' title='bbox 808 3271 922 3340; x_wconf 88' lang='lat' dir='ltr'>vident,</span> <span class='ocrx_word' id='word_1_310' title='bbox 938 3288 1043 3330; x_wconf 89' lang='lat' dir='ltr'>aurum</span> 
     </span>
    </p>
   </div>
   <div class='ocr_carea' id='block_1_3' title="bbox 58 3353 1043 3525">
    <p class='ocr_par' dir='ltr' id='par_1_3' title="bbox 58 3353 1043 3525">
     <span class='ocr_line' id='line_1_38' title="bbox 58 3353 1043 3442; baseline -0.009 -19"><span class='ocrx_word' id='word_1_311' title='bbox 58 3369 149 3442; x_wconf 91' lang='lat' dir='ltr'>atque</span> <span class='ocrx_word' id='word_1_312' title='bbox 164 3367 318 3437; x_wconf 88' lang='lat' dir='ltr'>argentum</span> <span class='ocrx_word' id='word_1_313' title='bbox 334 3364 363 3419; x_wconf 93' lang='lat' dir='ltr'>et</span> <span class='ocrx_word' id='word_1_314' title='bbox 377 3357 431 3418; x_wconf 93' lang='lat' dir='ltr'>alia</span> <span class='ocrx_word' id='word_1_315' title='bbox 443 3374 518 3436; x_wconf 90' lang='lat' dir='ltr'>quae</span> <span class='ocrx_word' id='word_1_316' title='bbox 532 3357 625 3435; x_wconf 90' lang='lat' dir='ltr'>prima</span> <span class='ocrx_word' id='word_1_317' title='bbox 637 3356 784 3418; x_wconf 87' lang='lat' dir='ltr'>ducuntur</span> <span class='ocrx_word' id='word_1_318' title='bbox 800 3356 920 3417; x_wconf 89' lang='lat' dir='ltr'>domum</span> <span class='ocrx_word' id='word_1_319' title='bbox 930 3353 1043 3430; x_wconf 86' lang='lat' dir='ltr'>regiam</span> 
     </span>
     <span class='ocr_line' id='line_1_39' title="bbox 58 3438 1043 3525; baseline -0.01 -18"><span class='ocrx_word' id='word_1_320' title='bbox 58 3450 251 3525; x_wconf 83' lang='lat' dir='ltr'>conportent:</span> <span class='ocrx_word' id='word_1_321' title='bbox 272 3441 311 3504; x_wconf 91' lang='lat' dir='ltr'>ibi</span> <span class='ocrx_word' id='word_1_322' title='bbox 332 3443 399 3503; x_wconf 82' lang='lat' dir='ltr'>vino</span> <span class='ocrx_word' id='word_1_323' title='bbox 420 3448 448 3503; x_wconf 91' lang='lat' dir='ltr'>et</span> <span class='ocrx_word' id='word_1_324' title='bbox 464 3439 556 3519; x_wconf 87' lang='lat' dir='ltr'>epulis</span> <span class='ocrx_word' id='word_1_325' title='bbox 571 3443 682 3502; x_wconf 87' lang='lat' dir='ltr'>onerati</span> <span class='ocrx_word' id='word_1_326' title='bbox 704 3440 810 3518; x_wconf 87' lang='lat' dir='ltr'>illaque</span> <span class='ocrx_word' id='word_1_327' title='bbox 830 3445 858 3501; x_wconf 87' lang='lat' dir='ltr'>et</span> <span class='ocrx_word' id='word_1_328' title='bbox 876 3438 993 3499; x_wconf 92' lang='lat' dir='ltr'>domum</span> <span class='ocrx_word' id='word_1_329' title='bbox 1014 3446 1043 3498; x_wconf 85' lang='lat' dir='ltr'>et</span> 
     </span>
    </p>
   </div>
   <div class='ocr_carea' id='block_1_4' title="bbox 0 0 1195 3864">
    <p class='ocr_par' dir='ltr' id='par_1_4' title="bbox 0 0 1195 3864">
     <span class='ocr_line' id='line_1_40' title="bbox 0 0 1195 3864; baseline 0 0"><span class='ocrx_word' id='word_1_330' title='bbox 0 0 1195 3864; x_wconf 95' lang='lat' dir='ltr'> </span> 
     </span>
    </p>
   </div>
  </div>
 </body>
</html>
