2378 3864
302 210 345 250 nn
363 209 466 251 annno
490 208 691 253 1111111111
715 203 799 256 111.
823 205 866 256 15.
1032 193 1073 255 4⁷

91 363 144 419 ant
164 356 244 436 apud
267 356 338 419 deos
351 355 513 417 inmortalis
534 375 636 420 rerum
650 358 846 420 humanarum
861 377 931 420 eura
947 361 1074 422 oriaturz

91 459 131 502 ne
144 439 210 510 ille,
226 442 276 521 qui
290 458 369 501 nunc
383 439 544 501 sceleribus
560 443 621 502 suis
634 442 718 504 ferox
733 452 821 521 atque
836 443 1005 520 praeclarus
1020 451 1073 512 est,

91 524 231 587 omnihus
244 522 328 585 malis
349 525 532 585 excruciatus
553 526 697 603 inpietatis
712 529 742 588 in
755 532 908 605 parentem
929 534 1073 595 nostrum,

91 609 192 670 fratris
220 608 278 669 mei
308 609 389 668 necis
417 625 610 687 mearumque
638 612 823 672 miseriarum
848 611 944 687 gravis
966 628 1076 688 poenas

69 692 207 755 treddat.

179 776 314 844 lamiam,
336 775 427 835 frater
443 778 540 836 animo
553 794 620 838 meo
637 780 811 848 carissume,
829 793 1006 856 quamquam
1023 776 1118 837 tibiae

92 862 255 928 inmaturo,
279 864 308 919 et
327 858 407 920 unde
421 861 551 921 minume
566 860 681 930 decuit,
704 864 761 923 rita
781 869 880 939 erepta
896 867 955 930 est,
977 867 1076 922 111111

92 943 261 1006 laetandum
276 942 369 1018 magis
390 959 479 1020 quam
498 943 656 1004 dolendum
675 951 747 1023 puto
769 962 869 1006 casum
892 951 992 1005 tuum:
1015 953 1118 1005 11111

94 1029 173 1091 enim
187 1042 328 1103 regnum,
350 1032 394 1086 111
408 1026 508 1104 lugam
523 1026 641 1089 exilium
660 1036 820 1099 egestatem
846 1037 877 1092 et
903 1031 1001 1091 omnia
1022 1028 1076 1089 has

59 1128 171 1191 aeqarae
192 1127 241 1170 me
261 1116 400 1189 premunt
421 1127 577 1171 aerumnas
592 1129 660 1172 cum
676 1115 772 1173 anima
787 1108 873 1172 simul
887 1113 1017 1172 amisisti.
1040 1112 1078 1172 At

93 1212 150 1272 ego
165 1193 279 1263 infelix,
296 1194 326 1253 in
338 1200 419 1254 11111
432 1194 507 1253 mala
525 1194 731 1272 praecipitatus
745 1215 781 1256 ex
796 1195 890 1272 patrio
908 1211 1011 1271 regno,
1028 1213 1077 1257 re·

93 1296 163 1340 rum
177 1278 373 1338 humanarum
386 1276 585 1355 spectaculum
600 1277 737 1355 praebeo,
753 1281 883 1338 incertus
897 1279 967 1354 quid
982 1295 1076 1354 agam,

93 1369 198 1424 tuasne
215 1361 336 1420 iniurias
352 1378 514 1439 persequar
531 1361 594 1439 ipse
616 1361 703 1421 auxili
719 1378 816 1437 egens,
836 1377 873 1421 an
890 1378 983 1438 regno
1005 1379 1075 1422 con·

94 1444 200 1515 sulam,
212 1444 295 1505 cuius
306 1445 380 1504 ritae
391 1446 530 1522 necisque
540 1451 669 1522 potestas
680 1462 716 1506 ex
727 1444 832 1522 opibus
846 1442 947 1503 alienis
957 1445 1075 1521 pendet.

60 1543 85 1584 11
94 1529 214 1592 Utinam
228 1529 320 1588 emori
341 1527 466 1588 fortunis
480 1529 553 1588 meis
565 1528 706 1589 honestus
720 1530 814 1588 exitus
830 1533 915 1595 esset,
933 1545 990 1589 nen
1012 1530 1119 1590 1111114

96 1617 282 1689 contemptus
296 1611 421 1681 viderer,
437 1613 462 1671 si
477 1611 608 1672 defessus
622 1611 706 1672 malis
720 1612 844 1673 iniuriae
858 1612 1077 1672 concessissem.

95 1696 185 1759 Nunc
203 1712 300 1773 neque
319 1695 416 1756 rivere
436 1695 518 1756 lubet
537 1713 633 1775 neque
654 1697 732 1756 mori
753 1695 822 1756 licet
842 1697 905 1755 sine
921 1695 1076 1756 dedecore.

180 1779 284 1840 Patres
302 1778 468 1856 conscripti,
490 1795 622 1856 perros,
644 1796 699 1857 per
718 1779 828 1840 liberos
843 1787 930 1859 atque
949 1780 1122 1857 parentato

94 1870 226 1932 vostros,
248 1879 303 1939 per
317 1862 497 1922 maiestatem
516 1863 616 1941 populi
632 1861 765 1941 Romani,
771 1863 923 1924 subvenite
938 1863 1009 1923 mihi
1024 1864 1079 1924 mi·

61 1965 180 2016 rosere,
208 1947 247 2006 ite
271 1944 386 2005 chriam
406 1946 546 2015 iniuriae,
574 1945 664 2007 nolite
684 1948 744 2024 pati
764 1963 890 2023 regnum
914 1946 1077 2016 Numidiae,

97 2030 179 2112 quod
192 2035 323 2090 reanum
338 2035 389 2097 est,
409 2046 463 2106 per
477 2027 573 2090 scelus
588 2037 617 2090 et
634 2031 807 2106 sanguinem
822 2029 947 2092 familiae
962 2037 1080 2090 nostrae

96 2112 270 2176 comeare:

183 2197 341 2275 Postquam
361 2214 414 2257 rex
434 2197 523 2256 finem
542 2194 681 2273 loquendi
703 2196 786 2266 lecit,
806 2195 893 2273 legati
911 2197 1080 2274 Iugurthae,
1093 2201 1129 2260 lb

97 2283 252 2359 largitione
263 2282 450 2359 magisquam
465 2294 552 2338 causa
569 2278 644 2346 lreti,
652 2282 753 2356 paucis
759 2281 947 2358 respondent:
960 2280 1079 2358 lliemp·

63 2365 190 2428 usalem
212 2364 251 2425 oh
275 2365 423 2431 saevitiam
438 2381 521 2424 suam
536 2361 573 2422 ah
593 2361 726 2423 Numidis
741 2363 943 2424 interiectum:
966 2364 1079 2424 Adher·

97 2449 196 2511 halem
216 2448 295 2509 ultro
321 2446 431 2508 bellum
452 2446 642 2515 inferentem,
671 2453 826 2523 postquam
855 2454 1011 2522 superatus
1033 2448 1079 2515 sit,

98 2535 185 2614 queri
205 2531 284 2611 quod
305 2532 442 2592 iniuriam
460 2529 558 2589 iacere
572 2530 762 2607 nequivisset:
787 2528 959 2606 Iugurtham
977 2529 1014 2589 ab
1036 2547 1081 2590 se·

98 2624 170 2678 natu
192 2622 308 2695 petere,
330 2632 418 2676 nese
436 2614 681 2690 aliumputarent,
703 2630 738 2673 ac
754 2611 927 2673 Numantiae
949 2615 1082 2690 cognitus

99 2708 187 2771 esset,
209 2717 266 2761 neu
289 2698 378 2760 rerba
398 2698 506 2758 inimici
528 2697 686 2758 antefacta
708 2714 760 2757 sua
782 2703 934 2774 ponerent.
973 2697 1109 2759 Deindet

65 2786 219 2865 uanique
233 2785 314 2845 curia
329 2782 529 2860 egrediuntur.
558 2781 682 2842 Senatus
697 2782 793 2840 statim
808 2779 978 2841 consulitur.
1006 2781 1083 2842 Fau-

98 2876 180 2930 tores
199 2868 382 2945 legatorum,
410 2874 561 2943 praeterea
584 2862 730 2946 [senatus]
753 2881 857 2940 magna
879 2882 962 2942 pars,
991 2866 1082 2942 gratia

100 2953 267 3031 depravata,
283 2948 457 3012 Adherbalis
472 2949 547 3010 dicta
560 2957 759 3017 contemnere,
775 2947 933 3023 Iugurthae
948 2949 1084 3009 virtutem

101 3035 242 3098 extollere
255 3032 406 3095 laudibus:
420 3034 513 3109 gratia
528 3051 613 3101 voce,
627 3032 753 3111 denique
770 3031 905 3091 omnihus
920 3033 1014 3092 modis
1028 3047 1083 3107 pro

102 3120 196 3182 alieno
210 3116 324 3180 scelere
345 3124 374 3178 et
396 3116 520 3193 flagitio,
542 3133 595 3176 sua
613 3118 695 3194 quasi
710 3133 765 3193 pro
780 3113 887 3192 gloria,
906 3115 1083 3175 nitebantur.

67 3206 138 3265 11111
152 3210 256 3264 contra
269 3202 365 3279 pauci,
381 3200 487 3278 quihus
501 3198 613 3260 honum
629 3206 657 3259 et
667 3216 771 3260 aecum
786 3199 890 3258 divitiis
905 3199 1001 3257 carius
1010 3202 1112 3265 erata

102 3286 338 3348 subveniundum
353 3281 512 3344 Adherbali
527 3290 557 3343 et
572 3282 745 3360 Hiempsalis
762 3292 887 3343 mortem
901 3298 1003 3342 severe
1021 3291 1084 3339 1111·

103 3372 257 3433 dicandam
280 3367 446 3435 censebant,
463 3373 507 3426 111
528 3385 564 3428 ex
587 3367 722 3428 omnihus
738 3384 874 3427 maxume
891 3365 928 3425 bl.
945 3361 1084 3424 Aemilius

104 3456 250 3522 Scaurus,
274 3454 362 3514 homo
380 3449 500 3518 11111111,
520 3451 635 3529 inpiger
650 3452 802 3519 factiosus,
824 3448 923 3508 11111111
938 3449 1085 3527 potentiae
