2378 3864
220 218 263 259 nn
285 215 457 260 onrrnrnln
480 216 721 262 conmunione
744 219 771 260 o.
792 211 836 266 58.
858 207 903 264 59.
1007 202 1047 264 35

66 365 164 426 Licuit
179 363 262 425 robis
273 381 341 424 cum
351 381 465 424 summa
476 366 654 443 turpitudine
666 368 696 427 in
713 366 797 428 exilio
812 374 935 430 aetatem
950 385 1047 446 agere,
1062 380 1091 432 ts

65 449 202 518 potuistis
216 447 350 510 nonnulli
370 446 481 508 Romae
495 450 608 510 amissis
627 450 713 511 bonis
728 451 836 512 alienas
851 469 922 529 opes
943 471 1048 530 expec-

66 541 146 594 tare:
163 533 231 610 quia
241 530 289 592 illa
300 531 386 593 foeda
397 538 484 610 atque
497 532 679 595 intoleranda
693 536 761 595 viris
774 534 956 606 videbantur,
972 534 1047 597 haec
1061 552 1091 602 14

67 616 152 696 sequi
174 616 353 677 decrevistis.
385 614 416 675 Si
436 614 511 676 haec
529 616 696 697 relinquere
717 617 809 689 voltis,
832 619 953 680 audacia
973 637 1048 699 opus
1058 634 1090 684 15

45 711 128 760 aest:
150 716 240 761 nemo
259 700 316 760 nisi
330 699 423 759 victor
439 716 512 777 pace
529 699 640 761 bellum
659 704 789 763 mutavit.
834 702 907 763 Nam
926 705 957 764 in
978 701 1048 780 iuga
1060 715 1091 767 lo

65 781 191 845 mutem
206 800 335 861 sperare,
354 800 421 843 cum
433 800 523 853 arma,
538 784 645 862 quibus
656 802 764 862 corpus
778 787 895 862 tegitur,
911 787 948 847 ab
958 786 1048 846 hosti·

64 866 123 928 bus
137 868 288 936 avorteris,
311 884 345 928 ea
366 884 435 928 vero
451 866 596 928 dementia
612 875 665 929 est.
695 868 817 946 Semper
833 871 863 929 in
878 869 991 948 proelio
1008 871 1049 930 eis
1057 875 1090 927 17

65 967 238 1012 munmum
255 957 300 1011 est
314 950 490 1028 periculum,
501 953 551 1030 qui
571 969 707 1013 maxume
724 953 837 1013 timent:
851 954 971 1014 audacia
993 971 1048 1031 pro

65 1052 152 1096 muro
167 1033 303 1095 babetur.

34 1138 56 1180 n
151 1117 226 1179 Cum
256 1135 308 1178 vos
335 1118 505 1188 considero,
539 1117 657 1187 milites,
692 1125 721 1179 et
750 1137 817 1180 cum
844 1119 919 1180 lacta
950 1126 1047 1181 rostra
1058 1127 1090 1182 18

65 1209 208 1271 aestumo,
227 1218 333 1278 magna
347 1220 395 1264 me
411 1219 479 1280 spes
492 1203 630 1262 victoriae
644 1208 732 1262 tenet.
760 1203 882 1264 Animus
896 1210 976 1264 aetas
990 1204 1092 1264 vir-19

66 1295 113 1348 tus
128 1292 227 1347 rostra
240 1304 288 1347 me
304 1285 470 1355 hortantur,
486 1292 640 1363 praeterea
655 1286 850 1356 necessitudo,
869 1305 944 1364 quae
961 1289 1048 1347 etiam

64 1371 183 1431 timidos
197 1368 281 1429 fortis
295 1369 373 1430 iacit
392 1369 467 1430 Nam
477 1368 631 1430 multitudo
644 1368 773 1429 hostium
785 1385 823 1429 ne
836 1371 1048 1431 circumvenire
1057 1378 1091 1429 20

64 1461 162 1533 queat,
178 1452 336 1531 probibent
353 1454 503 1529 angustiae
518 1451 584 1512 loci.
614 1451 698 1522 Quod
712 1454 736 1512 si
751 1454 849 1513 virtuti
861 1459 976 1513 vostrae
988 1453 1047 1513 ior·
1056 1467 1090 1516 21

34 1543 135 1598 utuna
157 1535 308 1605 inviderit,
330 1544 443 1605 cavete,
465 1533 550 1597 inulti
568 1537 695 1597 animam
717 1537 868 1605 amittatis,
891 1553 949 1598 neu
972 1538 1048 1615 capti

63 1623 163 1700 potius
177 1620 263 1681 sicuti
276 1637 384 1698 pecora
396 1620 596 1689 trucidemini,
620 1637 708 1698 quam
728 1620 859 1680 virorum
873 1638 956 1680 more
973 1636 1048 1699 pug-

63 1711 169 1766 nantes
191 1711 343 1765 cruentam
358 1709 445 1782 atque
463 1703 626 1764 luctuosam
645 1704 794 1764 victoriam
809 1703 943 1764 hostibus
958 1703 1048 1764 relin-

104 1784 178 1849 acis'

64 1807 102 1867 qu
148 1869 229 1931 llaec
248 1869 300 1930 nbi
317 1869 397 1938 dixit,
412 1868 564 1947 paululum
580 1876 768 1931 conmoratus
786 1872 869 1948 signa
883 1887 990 1930 canere
1004 1871 1048 1931 iu·
1058 1874 1097 1936 59

33 1954 115 2016 sobet
130 1960 218 2033 atque
233 1954 391 2013 instructos
407 1953 525 2014 ordines
541 1955 572 2013 in
589 1951 687 2014 locum
703 1971 806 2015 aecum
821 1954 946 2015 deducit.
973 1953 1048 2015 Dein

64 2038 188 2100 remotis
209 2037 340 2097 omnium
363 2037 459 2114 equis,
490 2054 548 2116 quo
570 2036 710 2097 militibus
734 2045 894 2116 exaequato
915 2035 1047 2114 periculo

65 2123 181 2182 animus
202 2119 326 2198 amplior
341 2127 426 2190 esset,
447 2122 510 2199 ipse
526 2120 617 2197 pedes
637 2122 796 2181 exercitum
810 2138 865 2201 pro
879 2120 944 2181 loco
960 2126 1048 2199 atque

65 2206 157 2286 copiis
170 2205 296 2265 instruit.
324 2203 398 2264 Nam
424 2205 468 2264 nti
481 2203 614 2282 planities
629 2211 692 2264 erat
706 2205 782 2264 inter
793 2206 926 2264 sinistros
940 2204 1073 2268 montis2

65 2296 93 2350 et
108 2287 146 2350 ab
164 2288 266 2349 dextra
280 2303 356 2364 rupe
371 2303 484 2364 aspera,
503 2294 569 2347 octo
587 2287 716 2347 cohortis
731 2288 761 2348 in
775 2287 872 2348 fronte
888 2288 1043 2357 constituit,

31 2372 243 2436 carelicuarum
256 2372 339 2446 signa
353 2372 384 2430 in
400 2369 528 2434 subsidio
547 2372 637 2431 artius
655 2370 802 2432 conlocat:
825 2371 862 2432 ab
880 2373 922 2432 eis
944 2379 1071 2438 centu-3

62 2457 162 2516 riones
178 2454 272 2515 omnis
284 2453 377 2515 lectos
392 2460 421 2516 et
439 2460 582 2522 evocatos,
600 2459 753 2532 praeterea
765 2473 800 2514 ex
816 2456 958 2531 gregariis
971 2453 1045 2514 mili·

63 2539 141 2600 tibus
156 2544 308 2616 optumum
323 2556 468 2616 quemque
484 2544 629 2597 armatum
643 2537 673 2596 in
686 2539 812 2614 primam
826 2539 918 2598 aciem
935 2537 1045 2598 subdu·

62 2624 110 2684 cit.
140 2623 175 2685 G.
188 2620 326 2682 Manlium
341 2622 371 2681 in
387 2621 497 2690 dextra,
514 2620 709 2681 Faesulanum
724 2621 870 2698 quendam
884 2622 913 2680 in
929 2622 1045 2681 sinistra

62 2713 148 2784 parte
171 2722 277 2766 curare
294 2703 391 2765 iubet:
409 2707 470 2783 ipse
490 2722 557 2766 cum
577 2703 689 2765 libertis
707 2711 735 2766 et
757 2704 907 2766 calonibus
923 2711 1045 2783 propter

29 2787 190 2869 eoaquilam
207 2788 327 2856 adsistit,
344 2806 430 2867 quam
447 2787 525 2850 bello
542 2787 687 2850 Cimbrico
700 2789 734 2850 G.
746 2789 855 2850 llarius
869 2791 899 2849 in
916 2790 1045 2850 exercitu

61 2872 200 2937 babuisse
216 2871 376 2933 dicebatur.

147 2957 185 3017 At
206 2974 243 3017 ex
263 2955 354 3016 altera
372 2963 455 3033 parte
471 2957 505 3018 G.
521 2956 677 3025 Antonius,
699 2955 824 3034 pedibus
845 2972 934 3034 aeger
966 2959 1071 3036 quodq

61 3039 176 3120 proelio
191 3039 295 3101 adesse
316 3038 469 3117 nequibat,
492 3037 530 3099 M.
550 3040 665 3101 Petreio
687 3038 784 3116 legato
801 3043 961 3102 exercitum
976 3060 1044 3120 per·

23 3177 26 3181 ,
61 3126 156 3186 mittit.
178 3122 231 3184 llle
245 3123 373 3184 cohortis
387 3129 547 3192 veteranas,
564 3140 637 3200 quas
654 3123 772 3185 tumulti
788 3142 877 3187 causa
896 3126 1070 3201 conscrips

29 3227 53 3270 rs
62 3216 151 3279 serat,
162 3209 192 3268 in
203 3206 310 3276 fronte,
321 3212 442 3285 posteas
454 3213 584 3267 ceterum
596 3207 754 3267 exercitum
765 3210 794 3267 in
806 3208 941 3269 subsidiis
952 3208 1042 3269 locat:

62 3293 124 3372 ipse
135 3309 213 3371 equo
228 3291 403 3352 circumiens
413 3307 652 3368 unumquemque
667 3291 821 3351 nominans
835 3291 960 3368 adpellat
973 3291 1043 3352 bor·

62 3383 141 3439 tatur
157 3380 256 3452 rogat,
276 3381 310 3435 ut
323 3374 510 3435 meminerint
525 3392 557 3435 se
573 3382 674 3435 contra
689 3374 817 3436 latrones
832 3376 966 3445 inermis,
987 3392 1042 3453 pro
1058 3408 1061 3412 .

63 3462 156 3540 patria
171 3476 227 3537 pro
247 3456 365 3528 liberis,
378 3474 441 3535 ‚pro
457 3459 515 3518 aris
529 3465 616 3538 atque
632 3458 705 3520 iocis
719 3460 779 3520 suis
794 3466 917 3520 certare.
946 3459 1067 3528 llomon

843 3557 860 3590 0
868 3560 884 3590 t
