2378 3864
266 162 269 166 ’
333 189 373 229 cx
396 187 560 231 merorum
583 188 780 232 mursense.
993 170 1048 232 tm

68 337 170 414 precio
182 336 211 395 in
225 335 286 397 dies
302 334 414 397 bellum
434 336 598 415 prolatans,
619 336 773 398 Cretenses
787 338 939 417 inpugnati
960 338 1052 401 semel

68 421 126 480 iam
146 437 242 498 neque
263 420 352 481 linem
373 421 428 481 nisi
443 421 555 482 excidio
577 421 713 482 babituri.
735 421 879 500 Equidem
901 440 969 484 cum
979 424 1051 484 mibi
1071 439 1102 491 13

68 502 106 563 ob
125 503 258 581 ipsorum
274 505 387 565 interna
404 504 479 566 mala
496 504 583 567 dilata
598 503 710 584 proelia
728 507 821 583 magis
838 524 926 585 quam
947 499 1050 585 pacem

68 586 166 648 datam
184 587 399 666 intellegerem,
424 588 571 651 abnuente
584 589 720 666 Tigrane,
740 591 790 670 qui
810 608 875 652 mea
891 591 967 652 dicta
982 608 1050 652 sero

66 670 188 748 probat,
212 679 241 732 te
259 678 373 733 remoto
390 671 510 752 procul,
535 672 671 735 omnibus
692 673 755 734 aliis
776 673 924 746 obnoxiis,
946 691 1051 736 rursus

66 761 165 816 tamen
177 753 288 818 bellum
304 761 388 838 coepi
400 757 589 837 Marcumque
605 757 728 828 Cottam,
751 756 916 820 Romanum
934 759 1049 829 ducem,

66 838 145 917 apud
161 838 346 901 Chalcedona
365 846 444 903 terra
459 840 537 912 ludi,
562 842 637 902 mari
652 843 718 902 exui
738 840 830 904 classe
850 841 1048 921 pulcerruma.

65 923 150 1001 Apud
179 921 314 1002 Cyzicum
342 936 449 1002 magno
477 943 545 987 eum
569 925 699 986 exercitu
725 925 755 985 in
783 925 896 987 obsidio
924 927 1051 987 moranti
1070 933 1100 984 14

66 1007 247 1068 frumentum
274 1007 365 1069 deluit
389 1007 470 1070 nullo
500 1010 613 1071 ubuum
643 1009 806 1071 adnitente:
840 1009 927 1072 simul
957 1011 1051 1071 hiems

45 1091 140 1172 ornari
169 1090 354 1168 prohibebat.
395 1092 438 1153 lta
459 1093 568 1154 sineri
589 1093 717 1154 hostium
737 1094 855 1172 regredi
877 1100 998 1155 conatus
1020 1095 1050 1154 in

64 1176 193 1253 patrium
220 1191 346 1252 regnum
367 1176 526 1254 naufragiis
553 1175 632 1254 apud
655 1176 774 1238 Parium
802 1184 831 1238 et
851 1179 938 1254 apud
957 1178 1050 1238 Hera·

65 1257 159 1319 oleam
185 1258 309 1320 militum
341 1266 476 1337 optumos
504 1278 571 1322 cum
598 1258 739 1321 classibus
767 1261 859 1321 amisi.
904 1261 1047 1323 Restituto
1067 1274 1098 1326 15

64 1342 172 1403 deinde
193 1343 271 1421 apud
301 1342 443 1405 Caberam
471 1345 600 1405 exercitu
626 1350 656 1404 et
680 1345 766 1405 variis
793 1346 869 1405 inter
894 1351 1050 1424 meatque

64 1425 220 1488 Lucullum
241 1425 477 1508 proeliistinopia
498 1445 602 1490 rursus
621 1426 724 1489 ambos
745 1428 871 1490 incessit.
897 1428 942 1489 llli
962 1428 1049 1490 sube-

45 1519 110 1575 srat
126 1527 251 1588 regnum
268 1510 473 1572 Ariobarzanis
490 1510 568 1571 bello
583 1512 740 1573 intactum:
762 1530 816 1590 ego
834 1513 921 1573 vastis
937 1511 1049 1573 circum

65 1594 202 1655 omnibus
227 1594 300 1655 locis
320 1596 350 1654 in
371 1596 539 1656 Armeniam
562 1597 709 1656 concessi:
736 1596 887 1674 secutique
909 1597 1047 1666 Romani,

64 1696 124 1739 non
139 1697 187 1739 me
201 1687 243 1738 sel
265 1696 379 1739 morem
397 1697 484 1740 suum
514 1680 611 1739 omnia
643 1696 735 1756 regna
755 1679 961 1749 subvortundi,
981 1681 1049 1757 quia

64 1761 280 1823 multitudinem
308 1763 378 1822 artis
400 1761 472 1823 locis
494 1779 593 1841 pugna
613 1762 808 1840 prohibuere,
829 1764 1047 1843 inprudentiam

63 1847 199 1922 Tigranis
218 1864 273 1923 pro
295 1846 413 1907 iictoria
435 1852 589 1908 ostentant.

45 1953 54 1992 r
149 1929 233 1991 Nunc
245 1947 353 2008 quaeso
366 1930 534 1998 considera.
557 1930 642 1991 nobis
657 1930 806 2009 obpressis
822 1938 923 1993 utrum
937 1932 1047 1993 lirmio·
1065 1945 1098 1999 10

62 2033 127 2075 rem
159 2022 187 2075 te
213 2014 250 2076 ad
278 2015 476 2076 resistundum
504 2015 655 2077 audirem
688 2013 757 2076 belli
783 2016 915 2076 futurum
944 2016 1048 2093 putesl

62 2099 130 2160 Scio
148 2098 284 2176 equidem
305 2098 357 2160 libi
371 2115 493 2175 magnas
512 2116 584 2177 opes
603 2100 750 2167 virorum,
773 2115 925 2159 armorum
944 2104 973 2159 et
983 2099 1049 2159 auri

62 2200 142 2244 esse:
166 2188 195 2243 et
213 2200 248 2242 ea
265 2200 299 2242 re
321 2201 338 2242 a
361 2180 446 2241 nobis
468 2181 505 2242 ad
523 2183 700 2249 societatem,
725 2179 831 2242 abillis
851 2182 888 2243 ad
907 2181 1048 2260 praedam

60 2268 181 2346 peteris.
226 2266 363 2327 Celerum
388 2264 541 2327 consilium
564 2271 621 2334 est,
646 2264 782 2342 Tigranis
804 2281 897 2342 regno
923 2267 1046 2342 integro,

45 2353 135 2414 rmeis
155 2349 295 2412 militibus
313 2348 382 2411 belli
402 2349 611 2427 prudentibus,
637 2347 741 2427 procul
769 2347 806 2410 ab
833 2349 920 2410 domo
943 2349 1047 2431 [parvo

60 2434 178 2516 labore]
201 2452 255 2513 per
280 2441 381 2497 nostra
402 2451 527 2513 corpora
547 2431 658 2495 bellum
681 2433 841 2503 conticere,
871 2451 930 2512 quo
952 2450 1048 2511 neque

60 2521 178 2580 vincere
191 2537 287 2598 nequo
299 2520 375 2580 vinci
387 2520 450 2581 sine
463 2526 513 2579 tuo
525 2515 655 2595 periculo
679 2532 844 2594 possumus.
869 2517 913 2576 bn
926 2518 1045 2593 ignoras
1066 2520 1095 2572 1⁷

59 2603 220 2674 Romanos,
235 2610 391 2683 postquam
405 2603 441 2664 ad
454 2601 635 2662 occidentem
645 2598 838 2680 pergentibus
852 2601 940 2661 linem
956 2599 1047 2662 Ocea·

59 2704 118 2748 nus
140 2685 223 2758 iecit,
244 2706 324 2749 arma
345 2686 403 2747 buc
420 2686 618 2747 convertisse?
639 2702 737 2763 neque
754 2685 911 2763 quicquam
933 2685 1047 2761 aprin-

55 2774 135 2853 clpio
169 2774 226 2833 nisi
258 2777 289 2835 vi
319 2781 436 2850 partum
467 2771 596 2842 babere,
631 2771 751 2832 domum
777 2770 932 2849 coniuges,
958 2781 1048 2847 agros

53 2858 232 2935 imperiuml
267 2873 413 2918 convenas
442 2855 511 2918 olim
540 2859 605 2918 sine
633 2857 729 2932 patria
755 2852 941 2931 parentibus,
967 2849 1047 2930 pesti

58 2945 192 3007 conditos
221 2940 300 3002 orbis
321 2947 484 3001 terrarum:
514 2937 620 3017 quibus
641 2953 700 2996 non
721 2934 849 2994 humana
864 2932 927 2998 ulla
947 2948 1044 3010 neque

59 3031 156 3091 divina
179 3027 310 3094 obstant,
341 3025 411 3102 quin
443 3025 538 3084 socios
568 3022 691 3088 amicos,
724 3015 830 3097 procul
860 3018 938 3078 iuxta
963 3015 1043 3084 sitos,

58 3117 162 3191 inopes
184 3110 370 3189 potentisque
391 3105 509 3167 trahant
527 3104 690 3173 excindant,
714 3101 869 3180 omniaque
883 3117 943 3160 non
959 3115 1043 3158 serva

45 3204 89 3260 »et
117 3213 253 3258 maxume
281 3207 373 3268 regna
400 3189 514 3251 hostilia
536 3188 661 3250 ducantl
688 3185 822 3264 Namque
846 3183 931 3262 pauci
955 3179 1044 3242 liber·
1064 3187 1095 3239 18

58 3289 164 3351 tatem,
191 3295 261 3359 pars
283 3292 389 3354 magna
417 3276 509 3336 iustos
535 3273 668 3334 dominos
693 3269 809 3332 volunt:
840 3283 894 3326 nos
917 3265 1046 3341 suspecti

58 3382 162 3428 sumus
182 3359 290 3426 aemuli
310 3365 339 3421 et
360 3360 389 3419 in
412 3365 545 3436 tempore
565 3356 693 3418 vindices
715 3352 854 3416 adfuturi.
895 3348 941 3410 Tu
963 3365 1043 3418 vero,
1065 3355 1096 3408 lu

60 3451 108 3511 cui
130 3447 284 3515 Seleucea.
308 3461 445 3505 maxuma
456 3441 591 3510 urbium,
611 3455 796 3519 regnumque
813 3432 941 3497 Persidis
951 3430 1044 3492 inelu-
