2378 3864
156 188 198 252 ³8
331 207 374 249 nn
393 205 497 249 nunno
519 202 719 248 xvnuurmuo
745 201 773 244 c.
791 194 817 245 2.
844 194 868 246 3.
890 197 916 244 4.

154 356 307 438 praeclara
328 357 432 425 iacies,
455 369 579 431 magnae
600 353 728 421 divitiae,
752 351 788 412 ad
808 350 866 411 hoo
893 350 935 410 ris
957 350 1092 428 corporis
1113 357 1137 410 et

155 442 211 504 alia
225 443 321 503 omnia
335 440 458 502 huiusce
478 438 559 498 modi
573 437 656 499 brevi
671 435 848 503 dilabuntur,
865 440 895 495 at
910 434 1009 510 ingeni
1025 436 1138 511 egregia

129 526 286 593 tiaoinora
308 526 394 587 sicuti
414 524 509 583 anima
530 520 694 583 inmortalia
714 527 791 581 sunt.
832 519 985 579 Postremo
1007 520 1139 598 eorporis

157 619 185 674 et
207 611 342 672 fortunae
356 609 503 670 bonorum
516 614 550 667 ut
564 608 678 668 initium
692 607 733 666 sio
749 605 815 665 finis
833 610 885 672 est,
904 605 1064 682 omniaque
1079 611 1138 662 orta

156 696 294 758 occidunt
310 701 338 757 et
351 700 436 755 aucta
453 699 622 754 senescunt:
645 691 767 759 animus,
785 691 978 765 ineonruptus
994 695 1154 758 aeternusr

157 789 257 842 rector
277 779 399 840 humani
420 778 538 854 generis
559 777 618 852 agit
639 783 726 853 atque
740 772 831 834 habet
845 779 949 834 cuncta
965 789 1067 851 neque
1083 774 1140 852 ipse

131 864 293 928 ohahetur.
327 863 392 934 Quo
407 862 501 938 magis
512 860 639 940 pravitas
654 875 758 919 eorum
773 857 941 918 admiranda
958 865 1011 928 est,
1031 858 1083 936 qui
1096 857 1140 917 de·

159 949 211 1010 diti
226 947 360 1025 corporis
377 946 491 1024 gaudiis
504 963 558 1023 per
575 943 677 1004 luxum
691 950 720 1003 et
733 943 877 1019 ignaviam
897 948 1023 1025 aetatem
1045 950 1139 1021 agunt,

159 1040 292 1094 ueterum
312 1030 471 1108 ingenium,
494 1045 553 1106 quo
570 1045 666 1106 neque
686 1025 790 1088 melius
807 1045 904 1106 neque
921 1026 1048 1106 amplius
1069 1027 1141 1088 aliud

158 1119 188 1178 in
208 1123 314 1176 natura
329 1112 496 1175 mortalium
513 1119 571 1181 est,
594 1110 705 1172 incultu
720 1118 807 1190 atque
826 1111 960 1173 socordia
975 1121 1142 1190 torpescere
1148 1136 1165 1178 n

159 1202 271 1270 sinunt,
302 1217 369 1260 cum
390 1198 564 1277 praesertim
585 1202 646 1256 tam
671 1194 780 1257 multae
803 1197 959 1276 variaeque
986 1198 1047 1257 sint
1070 1202 1142 1258 artes

161 1285 264 1354 animi,
289 1283 396 1362 quibus
413 1301 527 1344 summa
547 1281 689 1342 claritudo
703 1287 832 1359 paratur.

130 1367 147 1428 3
244 1368 354 1429 Verum
372 1387 408 1429 ex
431 1369 472 1428 eis
492 1368 679 1443 magistratus
693 1372 722 1426 et
740 1363 870 1441 imperia,
886 1370 1039 1441 postremo
1054 1366 1142 1426 omnis

161 1472 233 1516 cura
246 1470 350 1515 rerum
370 1451 557 1531 publicarum
571 1451 702 1511 minume
717 1449 788 1509 mihi
806 1448 861 1508 hac
875 1454 1050 1525 tempestate
1065 1449 1140 1528 eupi-

158 1538 238 1598 unda
249 1537 540 1614 videntur,quoniam
549 1555 646 1614 neque
657 1537 757 1596 virtuti
766 1536 862 1597 honos
871 1534 966 1602 datur,
980 1552 1079 1613 neque
1089 1534 1164 1606 illio

159 1620 267 1700 quibus
276 1639 330 1699 per
342 1619 477 1681 fraudem
487 1620 533 1679 vel
546 1621 572 1678 vi
583 1620 648 1689 iuit,
660 1621 717 1680 tuti
728 1628 778 1679 aut
788 1638 823 1680 eo
833 1620 927 1697 magis
935 1619 1056 1682 honesti
1066 1627 1139 1682 sunt

129 1705 229 1768 aNam
246 1707 274 1764 n·
290 1705 408 1783 quidem
423 1721 528 1781 regere
545 1707 668 1783 patriam
685 1715 736 1766 aut
755 1710 894 1785 parentis,
919 1727 1098 1791 quamquam
1113 1723 1138 1772 et

154 1790 250 1866 possis
261 1797 289 1848 et
305 1787 409 1849 delicta
425 1789 569 1865 conrigas,
588 1798 686 1850 tamen
699 1792 890 1868 inportunum
906 1799 959 1863 est,
977 1812 1046 1855 cum
1057 1813 1138 1874 prae·

155 1873 257 1933 sertim
272 1889 374 1932 omnes
390 1890 492 1933 rerum
507 1873 682 1934 mutationes
697 1875 817 1936 caedem
832 1875 932 1951 fugam
955 1876 1071 1957 aliaque
1088 1879 1138 1940 ho·

129 1954 230 2022 astilia
241 1956 428 2034 portendant:
440 1955 549 2016 frustra
564 1964 661 2017 autem
676 1959 729 2017 niti
740 1975 837 2036 neque
852 1958 931 2020 alind
945 1979 979 2022 se
992 1961 1163 2041 fatigandos

127 2058 144 2106 4
155 2042 211 2102 nisi
222 2041 321 2102 odium
334 2057 478 2119 quaerere
490 2047 637 2101 extremae
649 2041 811 2103 dementiae
823 2040 953 2110 est.*Nisi
966 2045 1043 2108 sorte
1055 2064 1138 2126 quem

155 2126 310 2186 inhonesta
326 2131 356 2185 et
368 2125 528 2203 pernitiosa
540 2123 639 2184 lubido
652 2132 732 2187 tenet
746 2128 892 2204 potentiae
906 2145 1073 2206 paucorum
1092 2131 1139 2192 de·

157 2227 209 2270 cus
229 2216 318 2287 atque
335 2208 500 2270 libertatem
522 2227 604 2269 suam
627 2209 792 2286 gratificari.

127 2293 145 2352 4
241 2292 379 2353 Ceterum
401 2311 437 2353 ex
453 2291 516 2352 aliis
529 2294 662 2370 negotiis,
686 2312 761 2372 quae
777 2297 894 2374 ingenio
909 2305 1098 2369 exercentur,
1112 2299 1139 2358 in

130 2377 259 2455 uprimis
274 2393 380 2454 magno
394 2377 461 2436 usui
476 2384 519 2438 est
534 2379 676 2438 memoria
688 2396 789 2440 rerum
808 2387 966 2456 gestarum.
1001 2379 1093 2443 Cuius
1107 2383 1165 2448 deu

155 2463 263 2522 virtute
286 2462 353 2541 quia
376 2459 460 2522 multi
481 2462 596 2532 dixere,
619 2464 868 2541 praetereundum
888 2470 973 2542 puto,
994 2464 1141 2527 simulne

156 2563 211 2624 per
233 2543 417 2607 insolentiam
436 2547 501 2624 quis
516 2548 670 2607 existumet
686 2556 795 2608 memet
815 2549 1063 2609 studiummeum
1082 2549 1140 2612 lau·

133 2630 256 2690 adando
278 2629 426 2691 extoliere.
471 2630 567 2706 Atque
587 2645 642 2706 ego
658 2629 746 2690 eredo
768 2631 832 2708 iore
852 2634 915 2710 qui,
937 2633 1004 2710 quia
1027 2633 1142 2695 decrevi

155 2712 261 2791 procul
277 2712 467 2792 erepublica
482 2719 606 2773 aetatem
624 2727 721 2788 agere,
740 2720 819 2773 tanto
834 2721 954 2792 tamque
969 2714 1034 2776 utili
1047 2716 1141 2778 labori

156 2815 223 2858 meo
242 2815 351 2858 nomen
365 2797 486 2858 inertiae
501 2797 655 2872 inponant,
672 2801 752 2856 certe
770 2797 876 2874 quibus
898 2817 1036 2860 maxuma
1056 2801 1165 2865 indu-s

158 2881 228 2941 stria
244 2880 359 2940 videtur
378 2880 503 2941 salutare
517 2878 634 2959 plebem
650 2886 678 2939 et
695 2881 832 2940 conviviis
847 2883 970 2958 gratiam
986 2900 1140 2961 quaerere.
1183 2928 1185 2936 ι

129 2963 213 3035 4ουί
230 2965 254 3025 si
275 2965 489 3041 reputaverint,
512 2970 541 3024 et
556 2962 662 3041 quibus
684 2978 738 3040 ego
756 2965 939 3042 temporibus
954 2968 1141 3044 magistratus

157 3050 280 3128 adeptus
295 3065 359 3108 sum
375 3047 475 3127 quales
491 3048 545 3108 riri
559 3047 638 3108 idem
653 3046 773 3125 adsequi
787 3050 979 3127 nequiverint,
995 3057 1024 3111 et
1039 3060 1140 3130 postea

158 3152 233 3214 quae
260 3148 368 3212 genera
388 3130 542 3193 hominum
568 3133 599 3192 in
621 3138 755 3192 senatum
775 3136 976 3213 pervenerint,
1005 3135 1139 3212 proiecto

158 3215 375 3278 existumabunt
385 3233 433 3275 me
446 3218 539 3293 magis
552 3218 658 3278 merito
674 3234 762 3294 quam
773 3218 885 3294 ignaria
899 3218 1040 3280 iudicium
1053 3222 1166 3288 anienis

157 3302 215 3362 mei
230 3301 386 3361 mutavisse
404 3301 556 3380 maiusque
572 3301 759 3361 commodum
777 3319 813 3362 ex
834 3303 892 3362 otio
909 3319 976 3362 meo
993 3319 1085 3381 quam
1106 3325 1139 3368 ex
1182 3244 1185 3357 1

132 3384 282 3448 oaliorum
293 3385 417 3462 negotiis
427 3385 470 3445 rei
481 3383 616 3461 publicae
625 3391 790 3446 venturum.
802 3385 877 3446 Nam
887 3389 1140 3464 saepeegoaudin·
1183 3374 1185 3402 '

158 3467 192 3539 0.
204 3469 381 3538 Maxumum,
395 3468 428 3529 P.
442 3468 616 3546 Scipionem,
628 3466 781 3549 praeterea
793 3470 912 3531 civitatis
922 3476 1042 3532 nostrae
1052 3489 1139 3552 puae·
