2378 3864
262 185 305 227 111
322 185 495 230 ossismos
512 185 752 232 551111111511
769 186 795 231 5.
809 180 854 233 51.
1007 168 1047 230 27

152 333 186 395 b.
203 332 348 402 Silanum,
367 335 460 393 virum
477 333 583 396 fortem
598 344 685 416 atque
700 344 869 405 strennum,
888 344 969 398 certo
987 337 1047 396 scio
1059 346 1091 397 lo

66 436 144 498 quae
161 417 266 479 dixerit
277 417 373 478 studio
387 416 578 494 reipublicae
589 419 709 490 dixisse,
726 438 822 499 neque
833 419 915 481 illum
928 420 958 480 in
971 428 1049 481 tanta

68 521 103 562 15
116 502 241 578 gratiam
254 507 304 562 aut
319 501 482 561 inimicitias
497 519 652 564 exercere:
668 522 719 564 eos
732 521 832 565 mores
847 521 970 582 eamque
986 520 1049 564 mo·

67 586 192 646 destiam
206 586 261 644 viri
276 586 411 661 cognovi.
422 585 534 647 Verum
549 589 692 648 sententia
707 590 770 649 eius
783 587 855 648 mihi
868 604 928 647 non
943 587 1048 648 crude·
1060 597 1092 647 17

45 668 102 732 slis
123 703 158 713 -
176 667 245 748 quid
263 669 387 728 enimin
404 666 467 729 talis
485 668 620 730 homines
640 670 759 733 crudele
786 671 850 731 fleri
870 670 984 748 potest?
1011 703 1046 716 -

65 760 112 814 set
135 750 229 813 aliena
250 769 267 812 a
285 769 319 812 re
341 749 458 830 publica
472 760 573 814 nostra
594 753 718 815 videtur.
748 753 821 815 Nam
843 753 976 832 profecto
997 761 1090 816 aut18

65 844 163 898 metus
179 842 229 896 aut
245 836 351 896 iniuria
370 842 399 895 15
417 834 542 912 subegit,
558 835 671 906 Silano,
691 837 841 899 consulem
864 838 1048 915 designatum

65 937 163 997 genus
176 935 291 997 poenae
305 936 412 979 norom
427 919 598 981 decernere.
619 920 662 981 lle
676 922 783 981 timore
798 938 1048 998 supervacaneum
1058 930 1091 982 lo

66 1011 112 1065 est
127 1003 283 1072 disserere,
300 1019 367 1062 oum
383 1005 557 1080 praesertim
572 1004 718 1081 diligentia
734 1003 897 1065 clarissumi
911 1004 964 1064 viri
978 1022 1047 1064 con·

45 1087 139 1149 osulis
154 1092 235 1146 tanta
256 1085 401 1164 praesidia
412 1087 472 1146 sint
492 1087 523 1147 in
545 1088 644 1147 armis.
663 1087 706 1148 De
720 1104 816 1166 poena
830 1104 949 1165 possum
966 1089 1046 1165 equi-
1057 1101 1090 1152 20

67 1171 135 1232 dem
153 1169 260 1238 dicere,
276 1169 305 1229 id
321 1169 399 1248 quod
413 1188 462 1230 res
475 1169 574 1239 habet,
590 1173 620 1230 11
634 1169 715 1232 11511
729 1179 817 1250 atque
830 1171 955 1231 miseriis
968 1188 1048 1231 mor·

65 1262 128 1316 tem
143 1270 354 1314 aerumnarum
364 1254 507 1332 requiem,
522 1271 582 1314 non
595 1256 756 1316 cruciatum
772 1270 845 1322 csse,
861 1271 927 1314 eam
944 1261 1048 1316 cuncta

65 1335 235 1399 mortalium
251 1334 327 1398 mala
340 1336 507 1406 dissolvere,
523 1335 600 1398 ultra
615 1355 712 1416 neque
727 1355 817 1399 curae
831 1353 928 1414 neque
942 1337 1048 1414 gaudio

65 1422 166 1482 locum
180 1437 255 1481 esse.
289 1419 348 1490 Set,
370 1420 509 1498 perdens
528 1419 704 1491 inmortalis,
728 1417 920 1500 quamobrem
935 1421 965 1481 in
980 1438 1046 1481 sen-
1056 1427 1088 1476 21

45 1505 189 1567 atentiam
200 1521 261 1564 non
272 1502 419 1572 addidisti,
431 1505 474 1563 uti
485 1501 568 1582 prius
583 1504 792 1566 verberibusin
802 1523 853 1566 eos
865 1503 1047 1565 animadvor-

66 1587 199 1650 15151111
239 1586 284 1647 An
310 1588 377 1665 quia
398 1586 447 1647 lex
467 1586 571 1648 Porcia
593 1587 686 1648 151511
715 1585 856 1649 ,11151155
878 1586 959 1664 leges
977 1587 1046 1647 item
1057 1596 1090 1646 22

68 1671 271 1734 condemnatis
284 1669 394 1731 civibus
408 1687 468 1730 non
480 1671 606 1732 animam
621 1671 709 1750 eripi,
726 1678 771 1732 set
786 1669 904 1732 exilium
918 1672 1047 1749 permitti

65 1755 180 1818 iubent.
216 1755 261 1814 11
278 1755 346 1832 quia
362 1755 479 1830 gravius
499 1762 543 1815 cst
557 1753 708 1816 verberari
727 1773 814 1835 quam
831 1755 949 1818 necari?
970 1755 1045 1826 Quid
1056 1749 1089 1802 ²³

67 1847 167 1902 511511
188 1837 329 1900 acerbum
366 1843 415 1898 aut
436 1839 521 1898 nimis
542 1854 631 1915 grave
647 1846 691 1900 est
705 1840 735 1900 11
755 1838 889 1901 homines
910 1839 982 1899 tanti
1004 1839 1046 1900 la-

45 1925 184 1990 ocinoris
200 1922 363 1984 convictos?
400 1921 451 1982 Sin
472 1923 539 2000 quia
554 1920 645 1984 levius
661 1929 713 1993 est,
730 1923 779 2002 qui
796 1925 932 1984 convenit
947 1923 977 1982 in
992 1923 1045 1982 mi·
1055 1924 1088 1972 24

66 2026 141 2071 1515
155 2008 273 2084 negotio
285 2004 380 2083 legem
395 2007 514 2074 timere,
531 2023 599 2066 cum
615 2024 679 2067 eam
693 2007 722 2067 in
737 2007 848 2070 1151515
864 2006 1047 2083 neglegerisl

150 2092 188 2153 At
209 2093 286 2152 enim
306 2091 371 2168 quis
392 2089 597 2166 reprehendet,
618 2090 697 2168 quod
713 2092 743 2151 11
761 2091 905 2168 paricidas
926 2091 971 2150 rei
991 2093 1089 2168 puto

65 2176 161 2240 blioae
180 2176 332 2238 decretum
346 2174 420 2235 51111
443 2173 572 2252 Tempus
604 2174 665 2235 dies
697 2173 833 2242 fortuna,
849 2175 932 2235 cuius
946 2170 1046 2233 lubido

65 2260 204 2339 gentibus
225 2258 405 2319 moderatur.
440 2256 499 2317 lllis
519 2258 623 2319 merito
638 2258 764 2326 accidet,
788 2257 925 2336 quicquid
942 2273 1045 2317 evene·
1056 2263 1088 2314 21

45 2347 120 2408 srit:
143 2349 274 2405 ceteram
298 2357 359 2410 vos,
375 2347 473 2418 patres
492 2343 658 2421 conscripti,
681 2341 751 2420 quid
772 2343 801 2401 in
823 2340 893 2402 alios
915 2340 1045 2402 statuatis

67 2427 261 2496 considerate.
284 2424 388 2486 Omnia
399 2422 474 2484 11515
490 2423 622 2502 exempla
638 2442 674 2485 ex
687 2423 777 2485 rebus
789 2423 875 2484 bonis
886 2430 950 2485 orta
966 2429 1043 2484 sunt.
1053 2429 1086 2479 27

66 2510 185 2574 Scilicet
201 2508 253 2571 ubi
263 2507 468 2588 impariumad
482 2508 600 2585 ignaros
615 2513 666 2568 aut
685 2508 781 2568 minus
794 2506 890 2568 bonos
903 2507 1044 2584 pervenit,

65 2613 175 2656 novom
196 2592 267 2654 illud
283 2589 449 2668 exemplum
463 2589 500 2651 ab
522 2591 617 2668 dignis
639 2597 667 2651 et
688 2590 799 2651 idoneis
815 2590 850 2650 ad
867 2589 1002 2667 indignos
1018 2595 1047 2648 51

65 2696 128 2740 151
144 2678 265 2739 idoneos
282 2674 469 2736 transfertur.
491 2675 714 2736 Lacedaemonii
728 2673 847 2734 devictis
862 2672 1044 2734 Atheniensi·
1055 2673 1089 2723 28

45 2762 123 2829 obus
136 2762 256 2836 triginta
270 2760 348 2820 riros
362 2760 534 2836 inposuere,
558 2760 686 2838 quirem
701 2758 848 2837 publicam
867 2774 969 2818 eorum
986 2762 1047 2816 tra-

67 2852 190 2908 ctarent.
215 2843 250 2904 Ei
264 2844 358 2920 primo
378 2860 502 2921 coepere
518 2859 687 2921 pessumum
699 2858 845 2921 quemque
869 2846 897 2901 et
911 2839 1090 2901 omnibusne

66 2931 192 2991 inrisum
213 2927 414 2988 indemnatum
427 2943 550 2988 necare:
570 2945 603 2988 ea
624 2924 750 3004 populus
769 2923 870 2985 1551511
893 2931 922 2984 51
941 2924 1046 2983 merito

66 3014 167 3076 dicere
182 3012 256 3074 fiori.
287 3011 359 3072 Post
379 3009 430 3071 ubi
448 3009 587 3088 paulatim
599 3009 715 3070 licentia
736 3009 834 3077 crevit,
856 3009 936 3069 iuxta
953 3005 1090 3066 bonosae

67 3105 97 3159 51
111 3094 205 3157 malos
219 3093 383 3155 lubidinose
397 3093 572 3163 interlicere,
589 3100 704 3154 ceteros
718 3099 798 3152 metu
809 3098 936 3152 terrere:
952 3091 990 3149 ita
1006 3089 1045 3149 ci·
1055 3088 1086 3140 31

45 3183 141 3246 avitas
152 3180 290 3240 servitute
309 3176 450 3255 obpressa
463 3176 567 3238 stultae
581 3174 706 3237 laetitiae
720 3177 817 3252 gravis
831 3190 941 3252 poenas
957 3171 1044 3232 dedit.

66 3265 174 3327 Nostra
188 3262 328 3323 memoria
342 3261 434 3321 victor
445 3259 523 3321 Sulla
550 3279 617 3321 oum
632 3259 838 3339 Damasippum
852 3264 881 3319 et
896 3255 967 3317 alios
981 3255 1043 3315 eius
1054 3258 1089 3309 32

65 3348 161 3416 modi,
178 3347 228 3425 qui
242 3343 319 3406 malo
335 3344 380 3406 151
394 3342 530 3421 publicae
547 3351 709 3415 creverant,
729 3341 857 3420 iugulari
872 3340 963 3407 iussit,
981 3340 1046 3417 quis

65 3449 128 3492 non
149 3429 259 3492 iactum
281 3429 342 3490 eius
361 3426 515 3489 laudabatl
535 3428 668 3489 homines
688 3426 827 3490 scelestos
848 3431 878 3485 et
899 3423 1046 3492 factiosos,
