2378 3864
302 188 345 228 nn
366 187 468 229 annno
490 187 691 231 wovnrnmo
714 187 742 230 o.
762 179 806 234 60.
829 181 873 235 61·
1041 173 1081 232 75

94 336 209 398 avidius
231 333 315 398 alteri
335 333 443 396 alteros
465 337 596 397 sauciare
619 353 707 415 qnam
726 345 820 397 semet
835 344 951 414 tegere:
969 335 1106 398 clamore

92 421 259 500 permixtus
268 419 433 480 hortatione
447 418 553 480 laetitia
568 421 687 496 gemitu,
699 421 770 482 item
780 422 919 498 strepitus
930 439 1080 483 armorum

94 505 133 564 ad
149 501 263 564 caelum
285 503 371 570 ferri,
393 501 449 562 tela
472 503 619 581 utrimque
636 501 743 566 volare.
791 504 842 565 Set
862 503 912 576 illi,
936 506 986 584 qui
1001 522 1082 566 moe·
1094 515 1111 565 3

92 588 145 648 nia
166 585 369 654 defensabant,
391 584 442 647 ubi
455 585 555 648 hostes
568 586 689 664 paulum
706 588 795 649 modo
809 603 938 667 pugnam
959 591 1081 650 remise·

69 676 172 739 erant,
184 671 292 731 intenti
299 668 446 747 proelium
458 676 594 748 equestre
609 669 852 749 prospectabant:
865 691 925 743 eos,
938 675 980 734 uti
992 684 1107 752 quae-4

94 773 155 834 que
168 753 328 830 iugurthae
342 771 392 813 res
413 760 510 822 erant,
535 753 626 815 laetos
645 755 733 816 modo
750 755 838 816 modo
852 756 971 835 pavidos
989 757 1081 817 anim·

94 838 281 906 advorteres,
304 855 339 898 ac
359 836 452 898 sicubi
468 837 562 898 audiri
583 854 600 897 a
622 839 683 898 suis
697 846 748 900 aut
762 841 844 900 cerni
859 846 995 919 possent,
1018 857 1080 900 mo·

94 940 169 984 nere
188 918 237 981 alii
257 920 306 981 alii
319 922 441 990 hortari,
464 928 514 983 aut
526 940 615 983 manu
631 923 795 1001 significare
816 929 866 985 aut
882 926 935 984 niti
949 925 1081 1002 corpori·

94 1005 168 1074 bus,
193 1012 222 1066 et
248 1023 283 1065 ea
303 1005 363 1065 huc
383 1012 413 1064 et
433 1004 503 1066 illue
526 1008 608 1084 quasi
629 1005 779 1068 vitabundi
796 1014 847 1068 aut
864 1010 1002 1069 iacientes
1024 1006 1082 1067 tela

57 1113 85 1153 ro
94 1091 218 1167 agitare.
262 1088 349 1160 Quod
369 1087 421 1148 ubi
441 1089 534 1150 Mario
557 1092 705 1167 cognitum
735 1098 779 1152 est
804 1125 839 1136 -
860 1109 929 1152 narn
949 1093 974 1153 is
994 1093 1026 1152 in
1048 1106 1108 1157 ead

93 1182 181 1252 parte
196 1170 319 1232 curabat
335 1203 378 1215 -
403 1172 538 1234 consulto
555 1172 649 1234 lenius
674 1191 762 1251 agere
778 1193 813 1235 ao
829 1174 1018 1237 diffidentiam
1038 1175 1083 1235 rei

94 1255 251 1317 simulare:
273 1257 333 1333 pati
348 1255 488 1317 Numidas
505 1256 568 1317 sine
583 1256 709 1318 tumultu
723 1259 802 1335 regis
816 1257 962 1335 proelium
976 1260 1080 1319 risere.

94 1341 138 1400 lta
154 1339 211 1400 illis
231 1340 326 1400 studio
341 1357 463 1400 suorum
481 1339 626 1401 adstrictis
647 1347 770 1418 repente
791 1343 943 1419 magnaei
963 1353 1108 1404 murnmo

94 1424 283 1501 adgreditur,
300 1430 329 1484 et
344 1424 402 1483 iam
416 1422 501 1483 scalis
515 1425 626 1500 egressi
639 1425 744 1486 milites
760 1442 855 1503 prope
869 1442 984 1487 summa
995 1442 1080 1504 cepe·

57 1517 172 1578 rorant,
190 1524 257 1569 cum
268 1507 407 1586 oppidani
422 1514 612 1577 concurrunt,
627 1506 739 1586 lapides
752 1511 850 1586 ignem
862 1507 917 1570 alia
928 1515 1081 1589 praeterea

94 1590 155 1654 tela
176 1593 325 1668 ingerunt.
369 1590 469 1652 Nostri
490 1591 586 1669 primo
606 1593 759 1655 resistere:
781 1593 902 1664 deinde,
930 1593 982 1655 ubi
1005 1602 1107 1654 unaet

94 1684 185 1755 atque
199 1674 309 1737 alterae
325 1673 420 1736 scalae
439 1677 634 1745 conminutae,
658 1677 707 1754 qui
722 1682 954 1755 supersteterant
974 1676 1081 1738 adflicti

93 1768 175 1829 sunt,
191 1760 281 1821 ceteri
296 1777 413 1838 quoquo
428 1758 517 1818 modo
527 1766 660 1837 potuere,
671 1762 759 1836 pauci
771 1762 878 1839 integri
890 1777 997 1840 magrra
1012 1778 1081 1838 pars

95 1843 267 1906 volneribus
285 1843 409 1904 conlecti
448 1841 565 1904 abeunt.
616 1843 747 1922 Denique
769 1847 917 1923 utrimque
936 1845 1080 1923 proelium

56 1951 86 1991 eo
96 1945 157 1989 nox
177 1928 302 1989 diremit.

183 2010 315 2073 Metellus
335 2018 491 2090 postquam
507 2011 586 2072 videt
602 2011 712 2073 lrustra
728 2013 891 2089 inceptum,
914 2030 1011 2092 neque
1028 2029 1079 2090 op·
1091 2013 1125 2074 61

94 2098 200 2177 pidum
218 2097 283 2175 oapi
303 2113 399 2174 neque
421 2095 592 2173 Iugurtham
610 2097 716 2156 nisiex
737 2097 848 2157 insidiis
869 2104 920 2157 aut
940 2113 994 2158 nro
1015 2095 1080 2155 loco

101 2197 234 2261 pugnam
252 2179 368 2249 lacere,
391 2187 421 2240 et
439 2181 495 2239 iam
517 2185 656 2247 aestatem
679 2187 809 2240 exactam
829 2196 907 2249 csse,
935 2179 972 2240 ab
995 2179 1081 2238 Zama

97 2264 236 2332 discedit,
257 2269 286 2324 et
304 2265 333 2323 in
356 2265 398 2325 eis
413 2262 551 2331 urbibus,
575 2280 649 2339 quae
670 2263 705 2323 ad
721 2279 753 2323 se
767 2262 937 2324 deiecerant
954 2265 1081 2340 satisque

56 2371 86 2412 as
95 2350 229 2410 munitae
242 2347 308 2407 loco
324 2353 374 2408 aut
387 2345 540 2408 moenibus
551 2354 644 2415 erant,
656 2347 801 2423 praesidia
815 2348 938 2426 inponit,
950 2353 1106 2408 ceterum2

95 2433 260 2495 exercitum
275 2432 305 2491 in
321 2432 516 2508 provinciam,
533 2447 608 2509 quae
621 2447 764 2508 proxuma
780 2437 824 2491 est
837 2430 1003 2499 Numidiae,
1018 2430 1081 2490 hie·

97 2517 198 2578 mandi
219 2516 313 2592 gratia
328 2514 470 2575 conlocat.
501 2512 602 2592 Neque
623 2513 652 2574 id
673 2519 788 2592 tempus
808 2532 844 2574 ex
859 2513 984 2574 aliorum
997 2526 1107 2578 mores

98 2601 191 2680 quieti
211 2606 261 2660 aut
281 2599 414 2660 luxuriae
432 2596 574 2666 concedit,
591 2604 636 2658 set
649 2598 786 2676 quoniam
801 2598 890 2657 armis
906 2596 1016 2658 bellum
1029 2612 1081 2673 pa·

97 2702 168 2745 rum
183 2681 372 2762 procedebat,
387 2682 505 2744 insidias
519 2682 584 2758 regi
598 2698 652 2760 per
668 2682 777 2741 anricos
792 2680 914 2742 tendere
934 2688 963 2742 et
978 2697 1081 2742 eorum

58 2791 89 2834 eo
98 2766 224 2848 pertidia
244 2784 299 2844 pro
322 2767 412 2827 armis
432 2767 475 2827 uti
489 2772 582 2844 parat.
620 2765 711 2842 Igitur
725 2763 935 2835 Bomilcarem,
959 2765 1008 2843 qui
1022 2764 1108 2827 llo-4

94 2876 164 2922 mae
185 2875 254 2919 cum
276 2853 417 2931 lugurtba
438 2853 550 2921 luerat,
575 2857 605 2914 et
624 2849 695 2910 inde
716 2848 839 2911 vadibus
860 2847 936 2910 datis
958 2848 995 2910 dc
1009 2849 1085 2911 llas·

94 2946 176 3006 sivae
198 2957 271 3002 nece
292 2937 432 2998 iudicium
455 2937 585 3014 lugeret,
610 2932 689 3011 quod
712 2935 739 2993 ei
761 2951 814 3009 per
830 2950 996 2995 maxumam
1012 2935 1085 2993 ami·

97 3029 198 3090 cltiam
220 3039 357 3086 maxuma
379 3021 463 3098 copia
485 3018 607 3080 fallundi
620 3022 706 3086 'erat
739 3016 839 3077 multis
868 3015 1086 3096 pollicitationi·

99 3107 158 3168 bus
178 3105 358 3183 adgreditur.
405 3104 447 3163 Ao
467 3105 564 3181 primo
581 3102 685 3171 elficit,
714 3103 756 3163 nti
778 3102 815 3163 ad
837 3121 869 3164 se
889 3101 1110 3180 conloquendio

62 3216 92 3259 aa
101 3192 196 3270 gratia
211 3188 342 3251 occultus
356 3189 465 3249 veniat:
481 3186 587 3248 deinde
601 3187 659 3248 fide
674 3186 748 3256 data,
762 3188 787 3247 si
803 3185 974 3264 Iugurtham
989 3185 1084 3246 vivom

102 3282 154 3336 aut
168 3280 306 3336 necatum
320 3271 376 3333 sibi
394 3270 569 3341 tradidisset,
585 3269 650 3332 lore
664 3278 697 3331 ut
706 3270 747 3332 illi
760 3277 879 3332 senatus
892 3269 1084 3347 inpunitatem

103 3369 134 3420 et
155 3376 209 3420 sua
228 3357 326 3418 omnia
346 3355 538 3425 concederet,
561 3353 645 3418 facile
663 3354 805 3417 Numidae
825 3352 992 3431 persuadet,
1016 3370 1085 3414 cnm

102 3444 222 3521 ingenio
236 3440 336 3510 infido,
351 3448 414 3501 tum
428 3441 583 3511 metuenti,
601 3457 653 3510 ne,
674 3441 699 3500 si
719 3455 776 3518 pax
794 3455 861 3500 cum
877 3436 1017 3498 Romanis
1032 3438 1086 3501 fie-
