2378 3864
142 1331 216 1420 Quo
236 1351 303 1409 nihil
323 1351 420 1408 laetius
447 1354 656 1426 exoptatiusque
681 1352 801 1409 accidere
821 1363 913 1427 potest
940 1355 1044 1414 homini

57 1436 208 1494 litterarum
223 1445 251 1493 et
264 1437 320 1492 reri
336 1438 442 1499 amanti,
459 1437 481 1491 si
496 1437 524 1490 in
540 1452 594 1509 quo
609 1437 668 1508 ipsc
684 1452 792 1509 operam
807 1438 980 1513 studiumque
995 1457 1043 1514 po·

57 1523 152 1582 suerit,
163 1519 191 1575 id
206 1519 273 1575 alius
288 1519 420 1593 suppleat,
434 1519 563 1583 absolvat,
580 1519 713 1583 emendet,
730 1520 853 1577 hocmihi
865 1525 981 1596 contigit
995 1540 1042 1597 per

58 1603 397 1674 chricumIordonum,
414 1618 494 1677 quem
510 1602 638 1666 editione,
654 1603 769 1659 Berolini
780 1604 859 1663 1866
876 1615 942 1680 aput
953 1605 1044 1663 Weid-

58 1705 169 1746 mannos
185 1686 318 1762 evolgata‚
334 1687 428 1760 eisque
444 1703 511 1760 quae
526 1685 721 1743 inllusllhen.
738 1688 876 1744 volllVlil
892 1699 920 1745 et
931 1689 1045 1747 Hermae

59 1771 138 1828 roll
159 1771 318 1845 disputavit,
340 1770 374 1826 de
388 1769 517 1827 Sallustio
537 1770 673 1843 praeclare
694 1773 824 1828 meruisse
839 1774 875 1828 ita
890 1771 991 1838 fateor,
1014 1782 1044 1830 ut

58 1858 84 1912 ln
100 1853 198 1930 quibus
213 1870 256 1911 me
272 1853 392 1910 acerbius
407 1855 555 1928 castigavit,
576 1871 725 1928 agnoscere
748 1872 827 1929 quam
847 1872 975 1913 excusare
991 1873 1044 1914 ma·

59 1939 113 1995 lim.
147 1937 240 1994 Oblata
260 1938 346 2012 igitur
364 1938 445 1995 buius
466 1953 541 1994 meae
561 1938 686 1995 editionis
701 1939 867 2013 repetundae
881 1942 1045 1998 necessitate

60 2023 123 2097 quid
139 2021 211 2078 aliud
226 2037 307 2097 agere
321 2023 408 2096 potui,
426 2037 505 2095 quarn
520 2029 551 2078 ut
565 2038 633 2096 quae
648 2021 692 2078 ille
708 2033 889 2096 comparasset,
910 2025 949 2080 eis
965 2041 1044 2097 quam

59 2106 276 2180 diligentissume
290 2113 319 2162 et
332 2105 545 2180 religiosissume
559 2106 668 2162 utereri
698 2106 752 2162 Nec
766 2123 869 2169 vereor,
889 2107 963 2181 quod
977 2107 1045 2164 mul·

60 2192 95 2246 tis
110 2189 144 2245 de
159 2189 226 2246 locis
240 2191 401 2246 sententiam
416 2201 501 2245 meam
516 2191 682 2253 mutaverim,
707 2207 742 2246 ne
760 2191 787 2246 in
808 2190 923 2247 levitatis
944 2193 1045 2248 crimen

60 2275 220 2330 incursurus
233 2274 294 2330 sim.
321 2271 424 2329 Etenim
441 2289 500 2330 cum
516 2272 548 2329 ad
563 2271 663 2346 aliquid
677 2273 804 2338 redinms,
820 2273 945 2331 liberiore
957 2276 1044 2331 animo

59 2356 179 2412 iudicare
193 2355 313 2412 solemus
322 2356 480 2431 faciliusque
495 2357 635 2431 opiniones
650 2358 776 2430 quasdam
790 2359 929 2415 omittere:
944 2367 1002 2414 tum
1013 2358 1045 2414 ab

59 2440 174 2500 lordano
190 2437 363 2496 confirmatus
377 2442 405 2497 in
419 2457 451 2496 ea
465 2442 606 2511 sententia,
630 2457 708 2513 mam
724 2440 757 2497 de
771 2444 932 2514 praestantia
945 2442 1045 2499 codicis

59 2524 79 2579 P
99 2525 158 2598 ipse
178 2525 282 2597 primus
306 2540 514 2599 proposueram,
540 2532 583 2580 set
606 2522 716 2579 meliora
743 2523 856 2580 edoctus
883 2525 916 2581 de
938 2524 998 2582 cod.
1014 2526 1044 2589 V,

60 2607 148 2664 iacere
168 2622 225 2663 non
243 2609 322 2682 potui
341 2609 407 2681 quin
424 2610 453 2664 in
474 2606 597 2664 omnibus
612 2607 688 2671 locis,
709 2607 743 2663 de
759 2607 856 2681 quibus
870 2607 997 2666 iudicium
1013 2607 1045 2666 ab

61 2690 112 2746 lide
125 2689 256 2747 librorum
266 2691 406 2765 penderet,
421 2690 493 2748 illius
507 2692 659 2766 exemplum
674 2707 818 2765 sequerer:
828 2701 966 2765 postremo
978 2710 1045 2750 non-

59 2774 134 2832 nulla
147 2776 198 2831 iarn
213 2775 272 2849 ipse
287 2791 459 2832 contexeram
478 2777 506 2831 in
521 2775 640 2832 editione
655 2775 789 2840 Catilinae,
815 2786 883 2851 quae
898 2777 1040 2833 adnotato·

60 2857 138 2915 nibm
157 2859 300 2915 inlustrata
319 2857 422 2933 prodiit
441 2875 464 2914 a.
484 2858 574 2916 1864.
612 2859 737 2916 Ceterum
759 2861 884 2933 quoniam
907 2861 993 2917 fusius
1009 2862 1043 2918 de

60 2940 174 3016 siugulis
198 2941 335 3017 disputare
360 2959 415 2999 non
435 2950 478 2999 est
497 2942 576 3001 huius
598 2944 665 3007 loci,
691 2960 760 3017 quae
789 2961 861 3001 nunc
880 2952 926 3000 aut
946 2947 1045 3001 mutavi

61 3034 106 3082 aut
132 3027 232 3083 retinui
255 3026 372 3082 breviter
396 3042 553 3092 recensere,
580 3027 716 3084 interdum
745 3028 841 3085 additis
870 3030 1045 3102 argumentis,

61 3111 199 3166 constitui.

79 3239 84 3247 ,
144 3185 210 3242 cst
227 3192 254 3252 2,
262 3192 288 3241 2.
307 3197 453 3253 conpertum
464 3188 512 3256 eet]
530 3199 571 3242 eet
581 3190 674 3241 delevit
684 3191 703 3244 l.
727 3191 793 3240 Num
804 3193 831 3240 in
844 3191 962 3240 omnibus
973 3189 1044 3240 libris

62 3259 186 3307 omissum
202 3257 246 3318 alt,
263 3255 382 3320 equidem
393 3256 490 3308 dubito.
508 3283 541 3294 -
559 3261 583 3318 3,
596 3260 621 3308 2.
639 3255 760 3358 actorem)
778 3259 798 3311 1.
816 3266 951 3309 auctorem.
980 3257 1043 3308 lllud

61 3324 92 3374 ob
110 3324 262 3375 sententiam
278 3326 390 3387 retineo,
406 3327 555 3389 praesertim
573 3339 630 3374 cum
648 3326 705 3375 cod.
724 3326 763 3390 Ρ,
782 3326 823 3375 cul
841 3325 970 3386 aliquanto
985 3325 1043 3390 plus

60 3389 127 3441 fluet·
140 3405 217 3455 quem
239 3390 281 3441 ille
302 3407 328 3443 v.
351 3391 378 3444 d.
401 3391 545 3441 habendum
567 3408 624 3443 esse
647 3394 768 3456 arbitror,
796 3393 921 3442 exhibeat.
961 3392 1043 3442 Etiam

60 3457 139 3509 multo
156 3459 242 3508 minus
259 3458 315 3524 lug.
334 3460 360 3524 1,
371 3461 396 3520 t,
419 3471 477 3507 cum
494 3461 593 3512 codices
611 3461 687 3526 primi
704 3461 805 3526 generis
823 3459 866 3523 (rt
884 3474 945 3508 cum
958 3459 1054 3506 nudos

873 3559 894 3592 λ
999 3604 1001 3608 ,
