2384 3864
176 183 232 242 100
368 201 751 246 11111111111111111
774 200 801 245 1.
828 195 966 247 101101.

172 348 302 410 cubitum
321 352 349 410 in
365 357 464 429 portas
483 351 611 415 cohortis
629 369 664 412 11
680 349 856 428 legionibus,
878 366 933 428 pro
949 348 1054 410 castris
1072 348 1145 427 equi·

172 439 215 493 tes
232 451 269 494 ex
288 430 447 495 auxiliariis
459 435 588 504 mittere,
610 442 764 514 praeterea
785 433 858 496 alios
874 450 966 512 super
980 431 1089 494 vebum
1107 428 1144 575 Ro

171 517 371 598 munimentis]
388 517 501 587 locare,
521 518 630 597 vigilias
649 520 711 598 ipse
726 519 897 587 circumire,
920 532 982 577 non
996 522 1058 576 tam
1080 514 1107 575 di
1136 548 1145 560 -

171 600 268 661 dentia
283 602 381 662 lutura
398 620 472 679 quae
482 603 683 682 imperavisset
698 619 786 682 quam
799 603 842 663 uti
857 599 997 662 militibus
1008 615 1145 677 exaeque-

147 690 219 744 ttus
238 703 304 746 cum
314 687 491 764 imperatore
504 685 586 747 labos
608 685 770 749 volentibus
785 692 869 747 esset.
904 684 940 744 Et
960 700 1032 746 sane
1044 681 1162 743 llerinst
1187 701 1188 704 ¹

171 768 278 847 illoque
292 768 411 848 aliisque
428 768 611 849 temporibus
624 769 803 852 [iugurthini
821 767 904 850 belli]
925 767 1041 846 pudore
1062 767 1146 845 magis

171 870 258 931 quam
278 852 355 913 malo
375 855 535 914 exercitum
557 852 727 915 coercebat:
750 853 830 934 quod
849 851 933 914 multi
947 869 1002 931 per
1019 849 1145 913 ambitio·

171 953 239 996 nem
260 937 323 997 lieri
345 937 476 1007 aiebant,
500 955 569 1015 pars
591 955 608 998 a
628 938 752 1016 pueritia
775 942 944 999 consuetam
970 934 1108 997 duritiam
1121 940 1146 994 ct

170 1019 239 1088 alia,
263 1039 337 1099 quac
359 1022 450 1082 ceteri
471 1023 602 1082 miserias
624 1027 742 1091 vocant,
762 1019 902 1098 voluptati
919 1017 1076 1080 babuisse:
1097 1017 1145 1078 nisi

170 1111 266 1164 tamen
281 1121 329 1164 res
344 1104 460 1182 publica
479 1106 589 1182 pariter
603 1123 637 1166 11
651 1104 958 1181 saevissumoimperlo
970 1101 1049 1164 bene
1065 1107 1168 1181 atquae

170 1187 276 1248 decore
299 1196 389 1265 gesta.

125 1272 173 1333 101
254 1271 345 1350 igitur
360 1279 464 1351 quarto
480 1272 606 1352 denique
625 1274 671 1334 die
693 1271 764 1334 baut
780 1271 867 1348 longe
889 1269 925 1331 ab
947 1270 1058 1351 oppido
1076 1268 1146 1331 cina

170 1356 299 1433 undique
321 1356 406 1418 simul
427 1355 627 1435 speculatores
642 1357 690 1417 citi
704 1373 768 1417 sese
784 1355 954 1424 ostendunt,
975 1372 1034 1434 qua
1050 1371 1084 1414 re
1098 1353 1145 1414 bo·

143 1442 220 1501 estis
235 1439 337 1501 adesse
351 1440 537 1517 intellegitur.
579 1440 629 1500 Set
642 1441 709 1518 quia
726 1439 833 1500 divorsi
846 1437 1006 1499 redeuntes
1029 1436 1101 1499 alius
1114 1435 1145 1497 ab

169 1524 224 1585 alia
245 1529 330 1600 parte
350 1531 436 1604 atque
451 1540 553 1585 omnes
566 1523 644 1584 idem
661 1521 878 1600 significabant,
901 1519 1005 1583 consul
1022 1522 1169 1583 incertusn

171 1625 299 1688 quonam
309 1608 397 1668 modo
413 1609 505 1668 aciem
522 1607 688 1677 instrueret,
703 1605 783 1667 nullo
798 1605 901 1668 ordine
919 1610 1089 1667 conmutato
1102 1603 1146 1665 ad·

145 1693 291 1752 31111111
306 1693 402 1751 omnia
418 1699 536 1770 paratus
552 1689 661 1753 ibidem
673 1691 813 1768 operitur.
844 1689 885 1751 lta
897 1688 1072 1766 Iugurtham
1085 1704 1147 1768 spes

172 1774 323 1843 frustrata,
346 1775 395 1853 qui
417 1775 515 1852 copias
536 1776 567 1835 in
588 1780 725 1854 quattuor
741 1775 832 1853 partis
853 1771 1051 1842 distribuerat,
1073 1778 1147 1832 ratus

146 1868 207 1919 411
225 1856 359 1937 omnibus
380 1876 472 1937 acque
492 1856 604 1937 aliquos
625 1857 662 1918 ab
676 1863 760 1936 tergo
775 1856 908 1919 hostibus
924 1862 1073 1918 venturos.
1106 1854 1146 1916 ln·

169 1943 255 2003 terim
276 1940 371 2011 Sulla,
400 1959 488 2020 quem
510 1943 639 2019 primum
660 1942 758 2002 hostes
781 1940 956 2019 adtigeram,
983 1939 1171 2001 cohortatustt

169 2043 239 2088 suos
261 2025 409 2086 turmatim
432 2031 460 2086 11
482 2043 569 2105 quam
591 2043 726 2086 maxume
748 2025 887 2087 confertis
905 2025 988 2103 equis
1010 2024 1074 2104 ipse
1091 2021 1146 2084 atit-

170 2129 226 2190 que
237 2109 354 2172 lllauros
368 2109 516 2180 invadunt,
529 2109 618 2170 ceteri
630 2111 659 2169 in
671 2107 735 2169 1111
750 2114 902 2171 manentes
916 2106 952 2169 ab
965 2107 1068 2169 iaculis
1082 2108 1146 2169 enri-

169 2211 225 2256 nus
239 2193 352 2255 emissis
367 2210 492 2272 corpora
506 2199 607 2271 tegere
629 2198 657 2253 ct
674 2193 698 2252 si
713 2193 763 2272 qui
781 2194 809 2252 11
825 2209 928 2254 manus
942 2197 1085 2253 venerant
1099 2189 1146 2252 ob·

143 2283 316 2341 struncare.
349 2276 424 2339 llum
438 2295 473 2339 eo
489 2278 576 2338 modo
592 2277 704 2356 equites
718 2277 914 2355 proeliantur,
932 2274 1070 2341 lloccbus
1084 2291 1147 2336 cvm

169 2359 329 2441 peditibus,
353 2378 426 2440 quos
442 2359 534 2422 Volux
548 2360 624 2422 iilius
644 2361 706 2422 eius
719 2360 881 2422 adduxerat
894 2377 991 2438 neque
1006 2360 1038 2421 in
1052 2361 1170 2439 priores
1191 2379 1192 2383 ¹

169 2463 277 2525 pugna,
295 2447 325 2506 in
336 2446 440 2507 itinere
456 2447 569 2514 morati,
585 2443 747 2515 adfuerant,
760 2452 937 2522 postremam
950 2442 1146 2505 Romanorum

144 2532 261 2592 taciem
283 2529 430 2590 invadunt.
475 2528 551 2589 Tum
571 2529 679 2590 illarius
700 2528 779 2606 apud
802 2529 913 2606 primos
931 2525 1053 2606 agebat,
1073 2525 1146 2607 quod

168 2614 209 2675 ibi
219 2612 359 2690 Iugurtha
378 2630 443 2674 cum
458 2612 601 2690 plurumis
618 2619 689 2672 erat.
719 2612 791 2673 Dein
806 2611 930 2674 Numida
944 2612 1063 2689 cognito
1077 2610 1145 2673 liec-

170 2698 217 2758 chi
232 2697 358 2758 adventu
376 2695 451 2757 clam
466 2714 532 2756 cum
548 2698 647 2773 paucis
662 2696 698 2755 ad
719 2696 831 2774 pedites
852 2696 1011 2757 convortit:
1035 2694 1074 2757 ibi
1096 2694 1146 2756 La·

169 2782 237 2849 tine,
259 2799 328 2841 nam
350 2779 428 2858 apud
449 2778 633 2841 Numantiam
655 2776 734 2859 loqui
755 2779 910 2850 didicerat,
933 2778 1078 2841 exclamat
1097 2792 1171 2839 111

169 2871 245 2923 stros
263 2864 371 2924 ivustra
389 2879 537 2941 pugnare:
555 2861 643 2941 paulo
661 2871 728 2924 ante
744 2863 868 2925 blasium
884 2880 937 2926 sua
954 2878 1044 2924 manu
1061 2865 1146 2924 inter·

169 2948 292 3008 lectum:
311 2945 396 3007 simul
419 2946 547 3024 gladium
568 2949 708 3024 sanguine
724 2946 846 3009 oblitum
868 2947 1039 3018 ostendere,
1064 2963 1146 3027 quern

168 3033 198 3091 in
220 3048 318 3109 pugna
337 3031 406 3090 satis
433 3032 546 3110 inpigre
569 3031 665 3091 occiso
686 3031 783 3110 pedite
810 3038 910 3093 nostro
935 3036 1144 3092 cruentaverat

145 3114 255 3185 70111
276 3113 327 3175 ubi
349 3112 452 3174 milites
473 3132 631 3193 accepere,
654 3117 745 3194 magis
764 3117 915 3177 atrocitate
930 3116 974 3176 rei
991 3131 1079 3194 quam
1093 3112 1147 3175 lide

168 3199 252 3259 nunti
266 3204 430 3267 terrentur,
453 3198 598 3278 simulque
614 3199 733 3261 barbari
751 3201 863 3261 animos
876 3198 980 3261 tollere
995 3204 1024 3261 et
1039 3200 1069 3260 in
1083 3210 1170 3277 per-tt

144 3282 267 3343 eentsos
287 3281 434 3342 Romanos
456 3284 551 3344 acrius
570 3284 715 3345 incedere.
757 3283 875 3362 lamque
895 3280 1014 3362 paulum
1042 3300 1059 3344 a
1082 3282 1146 3360 tuga

174 3365 304 3436 aberant,
320 3383 387 3426 cum
398 3363 477 3426 Sulla
494 3367 654 3446 profligatis
669 3369 726 3438 eis,
745 3385 819 3446 quos
835 3367 989 3429 advorsum
1005 3368 1088 3439 ierat,
1103 3382 1146 3426 re·

174 3449 255 3510 diens
277 3449 313 3510 ab
335 3448 426 3511 latere
444 3449 550 3513 Mauris
570 3450 701 3514 incurrit.
736 3450 869 3514 Bocchus
884 3451 981 3513 statim
999 3451 1145 3513 avertitur.
