2378 3864
296 175 339 216 nn
360 172 463 216 nunno
485 173 685 218 rauracense
709 174 738 218 o.
760 167 805 221 53.
824 166 865 219 54.
1033 156 1068 216 'li

88 325 165 386 baut
185 321 288 399 procrrl
309 322 385 382 inter
406 337 438 382 se
453 328 545 391 erant,
562 323 699 401 strepitu,
718 321 797 384 velut
818 323 917 384 hostes
938 323 1074 386 adventa·

89 412 174 475 rent,
197 405 280 466 alteri
297 404 375 482 apud
393 403 501 466 alteros
515 405 699 466 formidinem
715 406 801 466 simul
818 415 848 467 et
861 407 1018 468 tumultum
1031 409 1074 469 la·

90 508 179 558 cere,
208 496 239 550 ct
258 506 353 566 paene
378 489 560 564 inprudentia
582 490 741 550 admissum
763 489 875 550 lacinus
898 490 1072 560 miserabile,

89 577 123 635 ni
146 573 294 650 utrimque
313 572 466 651 praemissi
487 572 599 649 equites
620 588 684 632 rem
705 573 941 651 exploravissent.
984 574 1100 651 Igitur8

65 675 149 737 apro
172 662 252 717 metu
273 660 396 733 repente
418 654 556 732 gaudium
581 663 726 725 mutatur,
757 655 863 717 milites
890 656 963 717 alius
986 657 1075 718 alium

89 742 161 802 laeti
173 737 329 817 adpellant,
345 745 409 798 acta
423 738 547 798 edocent
560 743 647 815 atque
664 739 793 807 audiunt,
809 757 861 800 sua
877 741 1000 818 quisque
1014 741 1075 800 lor-

90 826 132 884 tia
151 824 227 884 lacta
245 822 281 882 ad
296 821 408 883 caelum
422 821 489 882 lert.
519 821 632 899 Quippe
656 839 706 882 res
728 823 873 883 humanae
887 826 925 883 ita
943 842 1007 885 sese
1024 825 1075 884 ba·

90 909 179 968 bont:
208 909 238 967 in
264 905 384 966 victoria
406 904 452 964 vel
471 906 580 982 ignavis
601 905 719 988 gloriari
748 906 830 975 licet,
860 907 998 968 advorsae
1027 927 1075 968 res

92 993 182 1052 etiam
204 990 298 1049 bonos
319 989 490 1050 detrectant.

53 1097 80 1138 ro
178 1072 311 1135 Metellus
329 1074 359 1131 in
373 1071 482 1132 eisdem
497 1073 598 1132 castris
615 1073 778 1151 quadriduo
795 1081 940 1142 moratus,
961 1075 1075 1135 saucios
1085 1074 1122 1135 54

90 1177 161 1220 cum
176 1174 247 1218 cura
268 1156 377 1224 reficit,
399 1156 519 1216 meritos
540 1156 570 1214 in
591 1156 710 1231 proeliis
731 1174 814 1216 more
835 1156 952 1217 militiae
974 1158 1071 1226 donat,

89 1244 247 1304 univorsos
268 1240 451 1300 irreontione
472 1237 571 1298 laudat
591 1245 677 1317 atque
696 1241 755 1316 agit
780 1243 904 1317 gratias:
927 1241 1071 1311 hortatur,

90 1326 130 1386 ad
145 1332 253 1393 cetera,
275 1342 350 1402 quae
369 1322 440 1382 levia
462 1323 533 1390 sint,
556 1338 658 1398 parem
672 1325 800 1383 animum
821 1330 938 1400 gerant:
960 1341 1015 1400 pro
1031 1326 1073 1384 vi·

91 1411 187 1470 ctoria
209 1409 277 1468 satis
313 1409 370 1467 iam
410 1412 580 1483 pugnatum,
601 1405 728 1466 relicuos
744 1406 862 1468 labores
880 1423 935 1484 pro
962 1407 1072 1484 praeda

53 1493 168 1558 rsfore.
200 1491 310 1552 Tamen
332 1491 448 1550 iuterim
469 1489 635 1564 transfugas
645 1498 675 1550 et
685 1489 758 1548 alios
769 1489 1097 1569 opportunos,lugur·2

90 1576 142 1636 tha
164 1574 215 1637 uhi
237 1575 366 1652 gentium
385 1581 435 1633 aut
456 1572 525 1653 quid
546 1573 677 1648 agitaret,
698 1592 764 1634 cum
778 1575 917 1651 paucisne
939 1581 1015 1635 esset
1035 1591 1072 1634 an

91 1661 256 1721 exercitum
274 1657 411 1725 haberet,
433 1665 466 1716 ut
488 1673 552 1717 sese
568 1657 660 1717 victus
673 1665 799 1734 gereret,
821 1655 1004 1735 exploratum
1018 1660 1072 1718 mi·

90 1745 139 1804 sit.
165 1745 200 1803 dt
218 1741 266 1802 ille
280 1757 346 1802 sese
356 1742 385 1800 in
401 1739 465 1800 loca
484 1740 611 1800 saltuosa
630 1748 658 1801 et
672 1748 776 1802 natura
786 1743 897 1803 munita
913 1750 1101 1820 receperatis

90 1827 193 1905 ibique
210 1825 334 1902 cogebat
349 1824 509 1884 exercitum
523 1841 648 1884 numero
663 1824 814 1886 hominum
829 1824 1009 1903 ampliorem,
1032 1834 1076 1886 set

54 1932 82 1971 ro
90 1910 232 1972 hebetem
253 1909 474 1986 infirmumque,
503 1909 566 1984 agri
588 1925 623 1968 ac
644 1911 760 1985 peeoris
781 1911 873 1986 magis
896 1928 985 1988 quam
1006 1909 1075 1971 belli

92 1993 247 2055 cultorem.
299 1991 331 2052 ld
362 2009 396 2052 ea
416 1993 508 2068 gratia
538 1991 703 2062 eveniebat,
733 1995 811 2071 quod
839 2002 956 2070 praeter
979 1996 1102 2069 regioss

93 2079 208 2158 equites
229 2093 317 2136 nemo
340 2076 472 2136 omnium
493 2075 618 2136 Numida
646 2095 683 2136 ex
710 2076 778 2153 luga
806 2095 906 2154 regem
929 2079 1075 2154 sequitur:

91 2178 153 2240 quo
171 2161 313 2238 cuiusque
329 2160 442 2219 animus
456 2158 522 2227 lert,
538 2177 572 2219 eo
590 2159 752 2228 discedunt,
772 2178 868 2239 nequo
886 2160 915 2220 id
936 2159 1074 2236 llagitium

91 2244 213 2306 militiae
232 2244 362 2304 ducitur:
384 2243 422 2300 ita
443 2259 475 2302 se
496 2258 594 2303 mores
613 2241 731 2303 habent.

52 2352 80 2390 2⁵
180 2328 272 2404 Igitur
286 2324 417 2386 Metellus
436 2323 487 2386 uhi
503 2326 578 2387 videt
595 2327 674 2401 regis
692 2326 841 2386 etiamtum
853 2327 981 2387 animum
996 2325 1101 2391 sero-5
1137 2361 1141 2365 -

93 2430 161 2474 cem
176 2427 249 2479 esse,
266 2408 377 2470 bellum
397 2411 541 2478 renovari,
560 2409 707 2488 quodnisi
721 2426 757 2470 ex
775 2409 851 2469 illius
866 2409 996 2470 lubidine
1013 2409 1076 2489 geri

80 2513 154 2555 non
172 2500 280 2571 posset,
300 2499 453 2570 praeterea
475 2493 584 2553 inicum
605 2499 753 2552 certamen
774 2493 830 2552 sibi
853 2509 920 2552 cum
934 2491 1075 2555 hostibus.

93 2580 210 2640 minore
232 2578 406 2638 detrimento
427 2575 492 2636 illos
514 2577 589 2636 rinei
616 2594 704 2654 quam
725 2593 795 2636 suos
816 2577 949 2644 vincere,
979 2575 1077 2634 statuit

92 2679 154 2722 non
174 2660 293 2738 proeliis
314 2678 411 2758 neque
433 2657 584 2740 [in]acie,
610 2667 655 2721 set
668 2658 724 2720 alio
739 2677 821 2722 more
843 2657 952 2721 bellum
967 2674 1076 2735 gerun-

53 2768 84 2809 so
94 2747 176 2806 dum
207 2744 248 2805 lta
223 2745 352 2805 taein
367 2744 431 2804 loca
447 2742 600 2806 Numidiae
614 2741 842 2822 opulentissuma
859 2744 966 2822 pergit,
990 2758 1102 2819 agnose

93 2834 196 2896 mutat
208 2845 238 2888 m
270 2834 299 2887 ta
316 2826 432 2888 castella
444 2828 599 2906 etoppida,
609 2833 721 2889 temere
732 2829 841 2888 munita
855 2828 979 2888 autsine
990 2844 1076 2906 prae·

94 2913 179 2980 sidio,
196 2911 484 2989 capitincenditque,
501 2910 630 2988 puberes
647 2911 795 2979 interficit,
812 2911 894 2972 iubet
910 2910 964 2971 alia
979 2913 1076 2970 omnia

94 2994 220 3056 militum
243 2996 383 3074 praedam
404 3011 477 3056 esse.
518 2994 560 3055 Ea
577 2994 732 3055 formidine
753 2994 837 3054 multi
857 2994 995 3055 mortales
1017 2993 1075 3054 llo·

94 3080 190 3140 manis
212 3078 301 3139 dediti
322 3076 454 3147 obsides,
476 3077 655 3138 frumentum
677 3084 706 3138 et
724 3077 779 3138 alia
795 3095 869 3158 quae
892 3080 957 3139 usui
979 3078 1076 3137 forent

57 3184 84 3226 as
95 3162 215 3224 adfatim
234 3161 380 3240 praebita,
403 3161 581 3239 ubicumque
594 3179 643 3222 res
657 3161 822 3239 postulabat
839 3161 1016 3240 praesidium
1031 3162 1075 3221 in·

94 3247 233 3324 positum.
273 3244 354 3316 Quae
370 3245 486 3321 negotia
508 3243 709 3322 multomagis
731 3262 818 3324 quam
840 3243 984 3323 proelium
999 3243 1101 3307 malea

94 3335 258 3407 pugnatum
270 3328 307 3390 ab
318 3329 378 3390 suis
391 3344 492 3404 regem
504 3326 668 3389 terrebant:
684 3330 791 3407 quippe
809 3330 892 3389 cuius
901 3343 969 3403 spes
980 3328 1100 3388 emulsa

93 3415 125 3474 in
146 3413 216 3488 luga
238 3414 291 3472 sita
312 3420 391 3480 erat,
413 3413 496 3491 sequi
517 3411 687 3490 cogebatur,
711 3421 739 3473 et
758 3413 808 3490 qui
823 3429 875 3472 sua
892 3410 956 3472 loca
974 3411 1074 3473 delen·
