2378 3864
78 184 97 223 Χ
474 183 662 226 PRAEFATIO.

77 312 101 351 6.
114 293 149 368 1.]
168 293 252 367 [lma]
271 325 304 335 -
322 315 387 364 quae
403 301 500 351 leviora
515 295 577 363 6161]
597 315 661 364 quae
678 300 774 350 1611616
789 300 883 350 66611.
912 300 984 351 Τ6116
1002 318 1060 354 eon·

78 365 184 432 figendo
205 382 263 416 esse
284 366 423 427 contendo,
446 366 568 429 quamdiu
590 365 738 416 Sallustium
759 366 791 416 ab
813 380 875 416 suae
896 370 987 419 aetatis
1006 370 1061 421 dill-

80 435 166 570 pentia
187 444 281 484 temere
309 433 461 484 discessisse
487 447 539 483 non
566 433 671 498 planum
696 432 790 483 laetum
813 433 895 485 luerit.
916 461 950 472 -
981 438 1023 497 64,
1037 442 1061 490 6.

92 497 132 570 in]
151 499 218 618 aelel]
237 500 372 553 1666161.
391 527 424 536 -
442 502 484 561 64,
497 502 521 551 6.
541 503 666 564 interficit,
688 502 755 553 16661
772 497 836 568 6116]
858 505 969 565 interfici
985 506 1061 566 16661,

77 571 129 620 6116
146 571 166 620 Ι.
220 570 243 618 16
261 568 373 633 optumis
390 567 463 618 libris
480 569 538 633 plus
556 567 616 619 fidei
630 570 715 629 tribui,
734 583 809 632 quam
821 568 872 620 ille.
884 595 918 606 —
935 573 977 631 66,
993 575 1016 624 1.
1036 581 1062 623 61

76 641 102 689 16
119 639 228 689 61166166
245 651 268 688 6.
281 633 311 701 1.]
330 637 356 684 in
374 637 491 687 advorso.
519 635 552 688 Ul
570 636 670 697 reduxi,
688 652 720 686 ne
733 635 881 686 Sallustiani
898 637 999 688 dicendi
1018 656 1061 706 ge·

76 707 145 755 neris
162 704 343 770 proplietamm
360 712 454 753 temere
471 702 555 753 delere
571 703 635 753 velle
651 705 759 754 viderer.
773 706 865 764 -66,
877 705 901 754 4.
919 703 998 756 Uneis
1017 723 1062 757 vo-

76 772 165 823 eabnlo
183 772 265 822 anime
282 770 387 820 adiectis
406 769 576 836 significatum
594 772 672 831 volni,
691 771 762 831 illud,
784 773 901 833 quamvis
919 787 965 837 per
982 774 1062 826 libros

77 849 197 906 optumos
216 852 266 887 non
285 837 502 898 commendatum,
526 848 610 888 temen
632 837 694 888 mihi
716 838 822 903 vestigia
845 840 872 887 in
893 839 1062 893 deterioribus

76 907 205 958 codicibus
223 906 348 970 prementi
365 920 417 956 non
433 914 485 955 tam
502 921 534 955 ex
546 905 701 971 glossemata
713 915 804 966 ortum,
823 920 899 969 quam
911 906 1061 960 Latinorum

76 973 252 1025 consuetudini
271 974 406 1023 convenire
416 974 500 1022 visum
513 988 578 1024 esse.
591 999 625 1009 —
642 975 684 1033 66,
697 974 721 1026 6.
738 980 829 1039 gerent
846 989 868 1023 6.
881 971 913 1040 L]
933 985 1019 1039 aponi.
1030 1005 1062 1014 -

75 1042 117 1104 67,
131 1042 155 1092 6.
174 1042 253 1101 cadis,
268 1042 334 1105 pila,
351 1047 490 1104 praeterea
502 1043 585 1105 picem
595 1041 693 1102 culsure
705 1048 730 1091 61
742 1042 819 1092 taeda
830 1043 932 1092 mictum
944 1043 1060 1109 ardenti]

74 1111 151 1160 eadee
166 1109 227 1172 pile,
245 1114 384 1173 praeterea
401 1134 433 1143 —
450 1109 570 1172 eulplrare
587 1135 620 1144 -
636 1111 755 1159 ardentia
772 1109 792 1161 1.
826 1107 883 1157 Nisi
904 1110 962 1171 quis
985 1113 1061 1161 etiem

74 1176 128 1242 pila
145 1184 189 1224 aut
211 1186 276 1224 certe
298 1175 374 1225 sudes
397 1175 512 1225 ardentia
532 1177 613 1226 misse
634 1191 692 1226 esse
713 1191 770 1225 cnm
793 1175 878 1238 aliqua
899 1177 951 1226 veri
975 1180 1061 1243 specie

76 1243 227 1302 ostenderit,
246 1258 294 1308 ego
311 1241 428 1305 equidem
446 1244 550 1293 ardenti
565 1243 672 1292 retinere
689 1244 802 1306 audebo,
823 1242 988 1294 confirmatus
1007 1261 1058 1297 me·

75 1326 152 1361 xume
169 1309 226 1359 1666
244 1312 286 1372 60,
300 1311 324 1360 6.
337 1336 371 1345 -
389 1311 430 1368 68,
443 1312 469 1361 4.
489 1306 1059 1377 1666116616611166]·616661661661116161.

75 1382 127 1428 Aut
143 1382 276 1429 clamorem
293 1386 338 1427 ant
354 1379 479 1428 16661166
497 1393 543 1443 pro
556 1379 710 1443 glossemate
727 1377 871 1428 habendum
889 1393 947 1427 esse
964 1392 1059 1430 certum

76 1455 121 1497 est.
158 1443 203 1495 Set
225 1445 417 1512 grammaticum
442 1447 568 1507 quendam
591 1447 623 1495 ad
644 1448 776 1496 clamorem
801 1443 946 1510 explicandi
969 1462 1059 1497 caussa

74 1516 199 1565 16661166
221 1513 392 1579 adseripisse,
420 1513 489 1574 qnod
511 1514 537 1562 in
559 1513 754 1574 antiquissumis
775 1512 846 1561 libris
873 1521 911 1562 661
928 1515 1061 1566 clamorem

74 1584 113 1632 vel
127 1583 251 1631 tomalimn
274 1595 365 1645 porum
382 1581 525 1644 argumenti
541 1579 604 1628 mihi
622 1594 679 1629 esse
696 1581 804 1630 videtur.
822 1605 855 1615 —
872 1581 1060 1648 6646166111]

74 1651 149 1699 616611
165 1648 185 1697 Ι.
204 1674 236 1684 -
255 1649 296 1707 61,
308 1649 334 1696 4.
353 1649 416 1696 clem
433 1661 455 1696 6.
468 1647 488 1698 Ι.
507 1645 599 1696 delevi.
616 1670 650 1683 -
672 1647 752 1707 62,1.
770 1643 892 1712 merenti]
915 1651 1022 1699 meritae
1039 1650 1058 1700 Ι.

74 1715 128 1765 1166
145 1715 177 1763 ab
198 1713 300 1763 licentia
322 1714 471 1763 correctoris
493 1713 617 1778 originem
639 1713 745 1764 duxisse
765 1715 817 1764 veri
838 1714 947 1764 similius
966 1718 1063 1778 visum,-

75 1796 151 1845 quam
168 1784 282 1832 merenti.
306 1807 339 1816 -
362 1781 403 1841 66,
416 1782 442 1832 4.
458 1781 538 1845 saetis
560 1795 592 1831 ex
610 1781 717 1846 palmeri
734 1781 850 1831 Palmerii
868 1781 1056 1850 emendatione]

71 1851 150 1915 facile
168 1850 188 1900 1.
211 1875 245 1885 -
271 1850 521 1909 immoderatiorem
543 1849 613 1911 quod
634 1849 721 1900 addidi
743 1848 835 1899 delevit
851 1850 870 1898 Ι.
905 1848 937 1899 Ut
958 1850 1022 1901 iilud
1045 1867 1059 1900 6

74 1917 175 1967 librario
194 1916 259 1967 ultre
278 1917 402 1966 adiectum
414 1918 456 1978 sit,
475 1926 559 1966 temen
572 1918 712 1966 orationem
724 1916 802 1966 multo
814 1916 954 1981 planiorem
967 1917 1058 1980 faeere,

74 1983 135 2046 quid
153 1985 223 2047 quod
241 1999 322 2050 paene
339 1985 510 2035 neeessariam
528 1999 585 2034 esse
607 1983 702 2034 iudico.
725 2009 757 2020 -
779 1985 822 2048 64,
835 1985 859 2033 2.
877 1986 984 2048 primum
1001 2002 1059 2037 eon·

73 2060 153 2104 66166
170 2055 272 2104 16661116
289 2068 318 2103 re
335 2053 425 2102 mirari
445 2053 499 2102 6166
520 2053 649 2102 consilium
666 2067 689 2102 e.
701 2045 735 2116 L]
756 2052 840 2114 primo
857 2067 935 2102 66661.
958 2054 1006 2106 ins.
1030 2070 1059 2104 re

73 2122 163 2170 mirari
182 2121 287 2184 prinmm
308 2121 363 2170 6166
385 2120 520 2170 concillum.
543 2143 575 2154 -
598 2119 640 2176 66,
657 2120 682 2168 2.
705 2132 775 2168 more
795 2131 853 2166 eum
870 2115 901 2184 1.]
926 2122 1007 2171 modo.
1025 2145 1059 2159 -

73 2188 153 2247 66,1.
172 2189 273 2252 aliaque
290 2202 355 2252 quoe
372 2201 395 2236 6.
408 2183 439 2251 1.]
458 2189 509 2236 6116
520 2201 593 2251 puae.
623 2184 717 2249 Recepi
728 2184 799 2245 iliud,
816 2198 848 2234 ne
859 2182 924 2234 forte
937 2184 1058 2239 Sallustio

74 2255 179 2303 nimiam
198 2254 334 2315 quomdam
352 2252 509 2316 diligentiam
533 2251 631 2302 viderer
648 2251 798 2302 adfluxisse.
817 2277 849 2288 -
872 2253 951 2313 67,1.
974 2255 1058 2304 Minus

73 2320 159 2371 audax
181 2320 244 2369 mihi
261 2320 333 2369 visne
352 2333 422 2378 sum,
447 2320 470 2368 61
492 2319 604 2381 eos-qul
625 2321 660 2369 ad
686 2318 813 2369 excidisse
838 2334 959 2369 censuere
976 2348 1010 2358 —
1032 2323 1057 2371 in

72 2387 165 2450 quibus
177 2394 265 2435 anotor
276 2384 325 2435 fuit
336 2386 484 2450 scripturae,
500 2400 565 2448 qnae
577 2385 603 2435 ln
615 2386 744 2436 nonnullis
756 2385 860 2437 alterius
873 2389 974 2453 generis
986 2389 1058 2440 libris

72 2456 174 2502 inventa
187 2461 270 2502 est-
282 2467 409 2515 sequerer,
428 2454 540 2516 quamsi
558 2455 741 2519 suspicionem,
758 2465 832 2504 anteo
849 2469 865 2504 e
881 2470 922 2504 me
938 2457 1059 2521 proposi—

73 2532 124 2570 tam
141 2518 323 2584 (snbplendam
340 2536 397 2571 esse
415 2523 555 2571 orationem
566 2537 650 2572 arcem
662 2548 692 2559 -
706 2519 848 2582 obsidebat)
865 2522 997 2571 retinerem
1015 2535 1059 2573 ent

72 2603 94 2637 6.
112 2587 132 2637 Ι.
157 2601 218 2637 aree
239 2588 383 2638 scriberem.
424 2587 538 2638 Ceterum
558 2589 624 2652 fuga
640 2587 887 2651 6666666661666
909 2589 1058 2639 iamdudum

72 2653 209 2704 edideram.
223 2677 256 2690 -·
274 2656 315 2715 67,
327 2657 352 2704 6.
372 2657 534 2719 6666611666
546 2662 590 2702 661
601 2669 662 2703 caru
678 2668 701 2704 6.
711 2649 742 2718 1.]
757 2659 801 2702 cal
810 2657 975 2716 6661166666
987 2673 1057 2710 6666.

70 2745 104 2758 -
121 2720 163 2780 68,
173 2722 199 2770 2.
217 2728 323 2784 potiere
340 2721 382 2771 die
399 2735 421 2770 6.
435 2717 469 2788 1.]
486 2726 592 2785 postero
610 2721 659 2770 die.
688 2719 722 2768 At
739 2728 767 2768 ut
783 2721 860 2769 etiam
874 2729 982 2786 potiere
993 2724 1058 2775 doro

71 2801 118 2853 pro
134 2793 264 2851 perieram
280 2789 367 2839 lteram
383 2788 521 2855 reciperem
539 2787 570 2835 ab
582 2801 622 2835 me
633 2787 760 2850 inpetrare
771 2801 821 2837 non
833 2789 915 2852 potui.
927 2813 955 2824 -
975 2790 1017 2850 69,
1031 2794 1056 2843 2.

69 2856 167 2919 volgum
183 2869 206 2905 6.
218 2851 250 2920 1.]
269 2858 356 2921 colgus
372 2863 401 2905 nt
417 2855 494 2906 etlam
511 2852 552 2913 76,
565 2854 589 2904 6.
618 2851 655 2902 De
667 2854 788 2905 extremis
799 2855 884 2906 verbis
896 2855 916 2906 1.
929 2855 1057 2922 adlegavit

70 2921 190 2972 Momms.
204 2919 362 2972 Stadtrechte
373 2939 400 2989 p.
411 2925 460 2974 699
478 2923 556 2974 1626.
584 2920 645 2970 Mihi
658 2921 772 2970 nondum
784 2936 872 2973 omnes
884 2923 1056 2975 dubitationes

71 2992 204 3054 exemptae
216 2999 283 3040 sunt.
295 3017 329 3027 —
345 2992 417 3052 722.
432 2985 611 3055 6666666166]
623 2988 750 3040 coeliaci.
773 2989 921 3042 Diomedem
935 2993 1055 3041 memoria

71 3057 172 3123 lapsum
190 3072 248 3107 esse
264 3056 327 3106 milri
344 3059 388 3107 vix
405 3057 523 3108 credibile
534 3055 641 3106 videtur.
658 3080 692 3093 ·-
710 3059 751 3117 76,
764 3059 790 3108 4.
807 3053 1055 3123 16116.1.]1”66161,

71 3150 103 3160 -
121 3125 200 3183 74,1.
215 3120 280 3192 fide]
296 3126 360 3188 fidel
370 3126 389 3175 1.
413 3124 592 3175 Insolentlores
610 3122 706 3174 formas
725 3126 757 3176 ab
769 3125 878 3175 librariis
889 3134 984 3174 temere
995 3139 1055 3174 eon-

70 3200 180 3241 mntstes
202 3207 261 3242 esse
281 3200 390 3242 constat.
411 3217 446 3230 -·
467 3192 547 3251 76,1.
572 3191 662 3257 abique
683 3189 810 3260 plerique]
835 3192 879 3242 661
896 3195 1012 3259 plerique
1036 3195 1054 3245 1.

70 3258 135 3308 illud
160 3260 186 3308 ln
209 3258 346 3325 archetypo
368 3258 451 3311 luisse
472 3274 506 3308 ex
527 3258 643 3308 codicum
665 3261 798 3326 scripturis
819 3260 971 3311 coniectanti
992 3263 1055 3311 satis

70 3325 134 3376 mihi
151 3327 204 3375 veri
216 3325 299 3376 simile
309 3327 404 3382 visum,
415 3353 449 3366 —
466 3326 507 3388 76,
518 3327 543 3379 6.
560 3333 665 3390 praecio
676 3327 765 3391 forent
775 3343 797 3379 6.
807 3325 911 3394 11116616]
929 3329 1026 3389 fuerint
1035 3330 1055 3378 1.

70 3419 104 3430 -
122 3394 163 3454 76,
176 3396 200 3444 6.
223 3401 249 3445 61
269 3395 408 3445 etiamnum
429 3393 492 3445 mihi
509 3401 656 3458 suspectum
675 3404 722 3446 est.
746 3421 779 3431 -
804 3398 846 3456 77,
860 3398 885 3445 2.
903 3396 1054 3459 Iugurthini,

71 3461 141 3524 quod
158 3461 303 3512 6111666616
321 3462 339 3516 l.
357 3461 468 3525 reliquit,
488 3458 602 3512 deleme
618 3461 748 3525 glossema
765 3477 823 3512 6666
839 3472 907 3512 recte
923 3463 1056 3528 perspexit
