2378 3864
256 519 354 600 (tm
382 516 639 598 SALLVSTI
669 516 842 599 CRISPI

494 719 605 769 LIBER

137 898 210 984 DE
239 894 522 984 CATILINAE
549 893 963 986 CONIVRATIONE.

144 1258 257 1344 Omnis
278 1271 425 1340 homiues,
456 1277 505 1348 qui
531 1288 596 1332 sese
624 1269 742 1331 student
768 1278 918 1349 praestare
941 1275 1072 1341 ceterisi

58 1356 249 1427 animalibus,
272 1371 386 1416 summa
403 1372 459 1433 ope
476 1355 528 1414 uiti
542 1354 642 1425 decet,
664 1371 703 1415 ne
717 1355 804 1415 vitam
819 1354 932 1416 silentio
946 1364 1042 1418 trans-

59 1449 127 1503 eant
149 1439 236 1502 vetuti
257 1456 374 1517 pecora,
397 1455 472 1517 quae
494 1444 598 1498 natura
623 1455 716 1517 prona
736 1445 824 1517 atque
838 1441 930 1500 ventri
953 1441 1042 1503 oboe-

59 1524 168 1585 dientia
189 1523 281 1584 finxit.
332 1561 335 1565 -
352 1531 377 1584 t
397 1530 496 1583 nostra
519 1522 613 1582 omnis
634 1522 676 1582 vis
697 1522 727 1583 in
749 1523 846 1582 animo
868 1530 898 1584 et
918 1539 1069 1602 corporet

36 1610 113 1669 ssita
137 1614 196 1668 est:
224 1608 331 1667 animi
325 1607 462 1684 irnperio,
492 1607 624 1683 eorporis
651 1606 767 1666 servitio
795 1607 887 1686 magis
916 1609 1042 1671 utimur.

59 1691 184 1753 alterum
203 1689 303 1751 nobis
303 1686 378 1776 ⁴t'tu'm
393 1691 465 1760 deis,
487 1689 612 1750 alterum
627 1707 694 1750 cum
709 1688 804 1750 beluis
819 1709 974 1754 commuue
990 1706 1042 1756 est

59 1774 123 1844 Quo
138 1774 211 1835 mibi
225 1755 335 1834 rectius
348 1774 478 1835 uidetur
471 1775 569 1852 mgeui
585 1791 673 1852 quam
687 1773 791 1834 uirium
803 1775 909 1852 opibus
920 1776 1069 1854 gloriam3

59 1877 204 1956 quaerere
231 1865 275 1930 et,
308 1859 445 1936 quoniam
472 1859 528 1918 vita
557 1858 620 1935 ipsa
642 1875 699 1936 qua
721 1855 847 1918 fruimur
869 1858 967 1921 brevis
989 1871 1041 1930 est,

59 1944 232 2004 memoriam
260 1943 354 2001 nostri
383 1959 470 2020 quam
497 1958 633 2001 maxume
655 1940 773 2018 longam
797 1942 923 2005 efficere.
967 1945 1068 2008 Nam4

24 2041 50 2081 ιο
60 2027 225 2087 divitiarum
249 2030 278 2085 et
299 2023 411 2086 formae
433 2024 526 2102 gloria
547 2024 626 2086 ssusa
648 2031 735 2103 atque
750 2024 861 2102 fragilis
877 2034 934 2096 est,
951 2029 1043 2090 virtus

60 2111 139 2171 clara
162 2119 342 2186 aeternaque
363 2108 499 2170 babetur.

144 2193 195 2253 Set
218 2191 268 2251 diu
295 2208 435 2268 maguum
462 2193 539 2254 inter
560 2190 691 2254 mortalis
712 2199 861 2254 certamen
883 2193 958 2265 iub,-
978 2198 1070 2259 vineti

60 2276 195 2354 eorporis
217 2291 255 2333 an
274 2274 381 2334 virtute
402 2277 491 2335 animi
520 2293 569 2336 res
590 2275 722 2337 militaris
744 2278 837 2353 magis
856 2280 1047 2356 procederet..

58 2361 134 2422 Nam
163 2364 191 2419 et
217 2357 409 2435 priusquam
431 2359 551 2435 incipias
573 2357 715 2426 consulto,
739 2365 768 2420 et
789 2359 839 2420 ubi
860 2362 1071 2424 consuluerist

27 2451 177 2506 smature
200 2440 277 2500 facto
300 2458 374 2519 opus
396 2447 448 2502 est.
485 2440 528 2500 lta
546 2447 704 2518 utrumque
722 2458 776 2519 per
795 2460 827 2502 se
848 2444 982 2520 indigens
1003 2446 1070 2508 aba

60 2536 159 2588 terum
181 2524 301 2586 alterius
322 2526 428 2587 auxilio
452 2532 526 2603 eget.
557 2525 648 2602 Igitur
663 2525 744 2584 initio
765 2541 853 2603 reges
870 2560 905 2572 -
926 2545 994 2589 nam
1014 2531 1077 2591 iu2

59 2613 147 2672 terris
167 2626 275 2670 nomeu
289 2612 396 2689 imperi
412 2611 441 2671 id
459 2611 587 2688 primum
609 2608 663 2668 fuit
687 2642 722 2652 -
748 2608 855 2670 divorsi
875 2628 945 2691 pars
964 2614 1044 2692 inge·

60 2697 156 2771 nium,
174 2694 221 2756 alii
237 2711 345 2771 corpus
360 2694 552 2756 exercebant:
576 2694 725 2754 etiamtum
741 2694 798 2754 vita
814 2692 1004 2757 bominum
982 2716 1044 2760 sme

62 2778 220 2857 cupiditate
242 2777 421 2853 agitabatur,
444 2796 496 2840 sua
517 2778 623 2856 cuique
645 2778 713 2836 satis
734 2776 922 2856 placebant..
933 2782 1069 2846 Postea2

26 2877 131 2924 severo
160 2879 247 2940 quam
276 2865 306 2922 in
331 2864 397 2923 Asia
425 2861 532 2942 Cyrus,
558 2863 587 2921 in
614 2861 737 2924 Graecia
757 2856 979 2938 Laeedaerubuii
1014 2873 1044 2928 et

66 2946 260 3007 Athenienses
280 2964 405 3024 coepere
421 2945 503 3007 urbis
521 2951 607 3024 atque
626 2945 758 3005 naboues
772 2939 921 3024 subigere,
935 2949 1043 3010 lumdi-

62 3048 129 3090 nem
157 3030 325 3091 dominandi
352 3047 470 3091 causam
501 3028 570 3090 beili
588 3027 709 3097 babere,
732 3036 902 3110 maxumam
916 3022 1044 3109 gloriam

62 3115 91 3175 in
107 3130 245 3174 maxumo
253 3113 378 3194 imperio
389 3119 509 3190 putare,
527 3119 590 3172 tum
606 3112 724 3172 demum
738 3111 925 3190 periculo
936 3133 973 3177 ¹e
991 3133 1043 3176 ne·

63 3198 148 3273 gotiis
172 3206 346 3275 conpertum
365 3203 409 3257 est
429 3197 459 3255 in
481 3193 558 3256 bello
584 3194 781 3295 plurumum
773 3200 924 3296 ingenium
941 3213 1042 3278 posse.

31 3280 148 3351 uQuod
178 3281 203 3340 si
229 3298 335 3358 regum
363 3288 450 3359 atque
462 3279 671 3358 imperatorum
692 3280 780 3340 animi
801 3282 893 3342 virtus
913 3282 943 3342 in
969 3293 1071 3361 pacet

64 3365 102 3423 ita
124 3371 157 3424 ut
178 3365 208 3423 iu
225 3363 303 3427 bello
324 3364 447 3433 valeret,
468 3362 648 3442 aequabilius
669 3370 756 3441 atque
778 3366 958 3426 coustantius
980 3383 1045 3427 sese

132 3459 268 3514 sinuum.
858 3453 884 3514 Χ
