2378 3864
259 172 302 216 na
324 175 427 218 nuuuo
450 175 651 220 wovurmuo
676 177 703 220 c.
726 169 768 224 36.
789 169 833 224 37.
859 170 902 224 38.
1029 159 1073 221 61·

90 321 220 402 aliaque,
236 339 311 401 quae
326 322 465 386 militibus
474 325 541 386 usui
555 324 666 394 forent,
682 332 809 387 maturat
819 327 849 394 in
859 325 986 387 Africam
1001 342 1070 407 por·

89 414 175 467 tare:
191 423 226 466 ac
240 407 336 467 statim
349 407 413 484 ipse
426 407 591 486 proiectus,
614 409 656 469 uti
673 415 740 470 ante
759 410 887 479 comitia,
903 409 982 489 quod
996 416 1070 473 tem·

90 506 147 568 pus
161 488 233 549 haut
246 487 333 568 longe
349 489 466 561 aberat,
481 492 570 551 armis
584 499 634 553 aut
644 492 793 553 ‘deditione
808 499 857 553 aut
868 494 968 571 quovis
982 492 1070 553 modo

90 571 203 634 bellum
217 573 384 634 conticeret.
406 571 553 635 Alcontra
567 573 708 654 Iugurtha
721 575 840 637 trahere
849 578 945 637 omnia
961 583 990 637 et
1000 575 1095 637 alias²

69 655 198 717 sdeinde
212 654 282 717 alias
303 673 405 718 morae
430 674 533 720 causas
560 657 666 729 iacere,
687 658 1017 738 pollicerideditionem
1037 677 1071 721 ac

91 739 197 802 deinde
210 745 320 801 metum
335 739 482 811 simulare,
498 742 604 804 cedere
612 744 730 804 instanti
746 749 775 804 et
792 742 880 822 paulo
894 749 960 821 post
974 761 1013 804 ne
1026 744 1071 804 sui

91 823 258 885 diffiderent
275 825 399 886 instare:
420 826 459 886 ita
478 823 547 886 belli
565 826 654 887 modo
669 827 758 888 modo
772 828 852 905 pacis
866 843 950 887 mora
965 844 1070 888 consu·

90 907 150 969 lem
169 906 321 968 ludificari.
364 907 406 969 Ac
429 909 513 969 fuere
535 911 584 988 qui
605 916 668 970 turn
689 909 827 972 Albinum
847 910 919 971 haut
935 911 1096 990 ignaruma

91 990 193 1053 consili
208 992 287 1070 regis
304 993 513 1053 existumarent
534 1011 630 1073 neque
652 1011 688 1054 ex
709 1000 787 1055 tanta
809 996 997 1073 properantia
1006 1002 1070 1061 ‚mm

56 1094 81 1136 ro
91 1073 175 1137 laede
188 1081 315 1136 tractum
331 1073 441 1137 bellum
460 1076 594 1138 socordia
614 1078 708 1156 magis
721 1096 809 1157 quam
824 1076 890 1139 dolo
905 1078 1069 1139 crederent.

91 1159 142 1221 Set
163 1165 320 1238 postquam
335 1157 446 1237 dilapso
461 1166 595 1238 tempore
611 1162 796 1223 comitiorum
810 1161 872 1222 dies
889 1160 1071 1231 adventabat,
1091 1180 1096 1218 ·,

90 1241 214 1304 Albinus
227 1241 301 1303 rulo
317 1242 409 1304 tratre
427 1244 457 1304 iu
473 1244 577 1304 castris
596 1261 653 1322 pro
672 1250 810 1323 praetore
832 1242 933 1306 relicto
947 1243 1070 1306 Romam

10 1361 15 1368 -
90 1327 224 1388 decessit.

174 1409 217 1489 Ea
230 1416 402 1488 tempestate
416 1409 528 1473 Romae
546 1409 735 1472 seditionibus
749 1410 912 1472 tribuniciis
933 1411 1071 1472 atrociter
1080 1411 1117 1473 37

57 1512 139 1557 ures
153 1493 271 1573 publica
292 1493 464 1573 agitabatur.
503 1494 536 1555 P.
557 1494 695 1556 Lucullus
713 1502 742 1556 et
758 1493 790 1555 L.
812 1494 939 1564 Annius,
962 1493 1097 1556 tribunia

89 1577 197 1658 plebei,
218 1577 420 1640 resistentibus
442 1577 571 1658 conlegis
592 1580 763 1640 continuare
779 1579 980 1658 magistratum
996 1580 1070 1639 nite·

89 1663 213 1733 bantur,
236 1680 312 1742 quae
331 1662 471 1724 dissensio
491 1663 580 1724 totius
597 1664 666 1724 anni
684 1663 798 1724 comitia
817 1660 992 1742 inpediebat.
1028 1661 1095 1724 Eat

89 1764 174 1808 mora
184 1748 213 1807 in
228 1764 311 1825 spem
326 1745 470 1808 adductus
483 1745 582 1818 Aulus,
598 1764 685 1826 quem
698 1763 754 1826 pro
767 1753 905 1826 praetore
923 1748 953 1808 iu
969 1746 1071 1808 castris

90 1828 226 1893 relictum
246 1847 336 1908 supra
357 1829 498 1900 diximus,
529 1836 579 1892 aut
599 1830 773 1892 conficiundi
794 1828 864 1892 belli
885 1837 935 1892 aut
956 1836 1071 1890 terrore

57 1915 238 1978 mexercitus
248 1913 284 1976 ab
301 1932 371 1993 rege
386 1914 527 1994 pecumae
545 1913 716 1992 capiundae,
732 1913 837 1975 milites
850 1932 952 1976 mense
968 1914 1071 1975 lanua·

89 2001 136 2060 rio
153 2015 189 2060 ex
200 1998 332 2060 hibernis
344 1999 375 2059 in
391 1998 604 2077 expeditionem
616 2004 725 2067 evocat,
736 1999 908 2077 magnisque
920 1996 1072 2059 itineribus

90 2084 188 2145 hieme
205 2099 308 2161 aspera
322 2083 454 2160 pervenit
475 2081 512 2143 ad
529 2082 669 2162 oppidum
688 2080 803 2151 Suthul,
825 2080 876 2141 ubi
893 2082 972 2160 regis
986 2080 1071 2142 then·

90 2168 172 2230 sauri
188 2173 280 2227 erant.
310 2165 395 2236 Quod
410 2182 587 2245 quamquam
603 2172 632 2226 et
646 2165 762 2226 saevitia
777 2165 919 2244 temporis
928 2170 1097 2244 etoppor·4

91 2252 214 2313 tunitate
228 2248 285 2311 loci
299 2267 396 2329 neque
414 2250 478 2328 capi
491 2267 588 2328 neque
604 2246 732 2309 obsideri
745 2254 860 2325 poterat
877 2282 913 2292 —
930 2265 998 2310 nam
1014 2248 1071 2308 cir·

56 2358 81 2399 aa
92 2353 161 2398 cum
175 2352 309 2404 murum,
333 2336 421 2395 situm
438 2333 468 2393 in
489 2333 640 2411 praerupti
657 2333 765 2392 montis
783 2337 923 2402 extremo,
939 2331 1071 2410 planities

89 2419 194 2481 limosa
216 2417 411 2479 hiemantibus
433 2418 515 2496 aquis
535 2414 672 2494 paludem
694 2415 805 2477 lecerat
826 2450 879 2484 -,
902 2423 1000 2476 tamen
1022 2420 1073 2475 aut

91 2501 248 2565 simulandi
262 2502 354 2579 gratia
372 2519 430 2581 quo
445 2501 508 2578 regi
522 2498 708 2561 formidinem
723 2498 858 2568 adderet,
873 2505 923 2560 aut
937 2498 1072 2575 cupidine

92 2603 198 2648 caecus
210 2584 248 2646 ob
259 2586 435 2647 thensauros
450 2583 547 2662 oppidi
557 2582 699 2662 potiundi,
715 2582 813 2643 vineas
827 2597 915 2660 agere
934 2596 1072 2658 aggerem

91 2673 189 2732 iacere
204 2669 317 2749 aliaque
328 2687 403 2749 quae
416 2669 532 2747 incepto
543 2667 610 2728 usui
619 2665 716 2727 iorent
729 2683 901 2745 properare.
921 2663 1071 2741 Atlugur·
1082 2673 1122 2737 38

58 2755 143 2822 rotha
158 2754 273 2831 cognita
288 2753 412 2814 vanitate
428 2758 515 2831 atque
528 2751 662 2829 inperitia
677 2749 764 2827 legati
781 2748 921 2811 subdolus
943 2750 1005 2811 eius
1020 2765 1071 2809 au·

91 2855 164 2917 gere
183 2837 355 2906 amentiam,
381 2836 524 2897 missitare
545 2834 734 2912 subplicantis
757 2833 883 2910 legatos,
906 2835 968 2912 ipse
991 2833 1072 2911 quasi

92 2919 267 2984 vitabundus
288 2938 341 3000 per
356 2919 483 2981 saltuosa
497 2919 561 2980 loca
576 2926 604 2980 et
615 2920 744 2979 tramites
763 2919 923 2979 exercitum
941 2918 1071 2980 ductare.

92 3006 225 3084 lienique
242 3004 349 3065 Aulum
367 3020 419 3082 spe
435 3003 577 3081 pactionis
591 3000 718 3080 perpulit
732 3002 775 3062 uti
789 3001 890 3063 relicto
904 2999 1027 3064 Suthrde
1041 3000 1098 3065 ine

93 3089 206 3150 abditas
227 3089 363 3164 regiones
379 3103 444 3148 sese
458 3085 547 3148 veluti
566 3085 718 3147 cedentem
733 3086 936 3164 insequeretur
952 3085 1005 3166 [ita
1022 3082 1071 3143 de·

59 3173 162 3235 aelicta
184 3171 344 3233 occultiora
364 3167 471 3251 luere}
514 3167 629 3231 Interea
650 3186 706 3248 per
726 3169 859 3231 homiues
882 3168 1000 3230 callidos
1022 3165 1098 3238 diua

94 3263 243 3335 noctuque
266 3255 426 3317 exercitum
443 3251 616 3332 temptabat,
641 3254 827 3316 centuriones
848 3253 995 3332 ducesque
1009 3257 1072 3310 tur·

95 3356 212 3402 marum
226 3340 331 3421 partim
346 3338 388 3400 uti
404 3337 620 3416 transfugerent
630 3354 833 3416 conrumpere,
849 3335 896 3397 alii
911 3338 995 3414 signo
1005 3334 1072 3395 dato

95 3425 193 3487 locum
208 3427 251 3487 uti
267 3424 446 3485 desererent.
482 3421 561 3493 Quae
575 3429 729 3503 postquam
744 3438 780 3481 ex
793 3421 934 3482 sententia
945 3418 1096 3487 instruite
