2378 3864
333 211 376 251 nn
398 208 501 251 annuo
525 208 725 252 wavnruruo
750 209 777 251 c.
802 203 842 253 tt.
1034 193 1076 251 db

181 355 278 418 Ceteri
292 373 379 434 reges
390 365 440 417 aut
455 356 534 418 bello
547 357 614 417 victi
627 357 656 416 in
673 358 827 418 amicitiam
842 376 859 418 a
872 358 954 418 vobis
967 359 1104 436 receptio

98 448 168 502 sunt
183 447 235 501 aut
254 442 284 500 iu
302 442 363 501 suis
382 439 478 501 dubiis
496 440 586 500 robus
601 441 769 500 societatem
790 447 917 501 vostram
933 441 1078 520 adpetive-

97 530 185 594 runt,
209 523 318 585 familia
334 530 435 584 nostra
458 541 525 584 cum
545 521 656 602 populo
676 521 808 584 Romano
828 523 906 585 bello
928 524 1078 602 Cartbagi-

97 608 194 670 niensi
218 605 403 689 [amicitiam]
425 609 561 677 instituit,
584 624 643 684 quo
663 613 797 686 tempore
816 609 910 685 magis
923 608 1001 669 fides.
1016 607 1079 669 eius

73 709 186 770 squam
201 691 320 752 fortuna
331 692 460 769 petunda
474 696 546 753 erat.
575 688 707 759 Quorum
722 692 893 769 progeniem
903 709 964 761 uos,
981 699 1106 771 patrasti

97 776 267 855 conscripti,
275 774 366 836 nolite
376 777 436 853 pati
446 793 503 845 me,
516 781 655 852 nepotem
664 773 841 844 Masinissae,
851 775 960 836 lrustra
971 794 987 836 a
998 774 1080 835 vobis

96 858 236 921 auxilium
251 865 361 937 petere.
430 882 435 893 ·

182 941 214 1003 Si
230 943 267 1003 ad
280 942 487 1021 inpetrandam
508 941 581 1002 nibil
604 959 713 1004 causae
739 941 880 1002 haberem
894 952 1012 1023 practer
1026 943 1105 1004 min

96 1027 254 1088 serendam
264 1026 422 1096 fortunam,
438 1026 518 1105 quod
531 1023 620 1103 paulo
633 1033 700 1086 aute
713 1042 766 1086 rex
781 1042 890 1101 genere
901 1026 979 1086 fama
994 1034 1082 1104 atquo

62 1111 190 1189 ‚acopiis
204 1117 324 1188 potens,
356 1127 436 1171 nuuc
460 1108 641 1170 deformatus
668 1109 832 1179 aerumnis,
860 1111 946 1189 inops
973 1109 1082 1171 alienas

96 1211 169 1273 opes
191 1203 322 1271 expecto,
338 1203 436 1255 tamen
458 1202 522 1253 erat
536 1193 694 1253 maiestatis
715 1192 816 1271 populi
836 1192 961 1254 Romani
981 1193 1081 1272 probi-

96 1278 170 1338 bere
184 1277 319 1338 iniuriam
334 1294 431 1356 neque
442 1277 507 1373 pati
520 1277 693 1354 cuiusquam
703 1292 829 1352 regnum
839 1295 894 1355 per
908 1276 1005 1339 scelus
1017 1295 1081 1338 cre·

96 1378 191 1422 scere.
222 1360 331 1422 Verum
346 1378 401 1439 ego
423 1360 465 1421 eis
481 1359 588 1420 finibus
604 1360 715 1420 eiectus
731 1376 812 1430 sum,
835 1376 909 1439 quos
922 1359 1109 1428 maioribusa

97 1445 172 1506 meis
185 1443 313 1523 populus
329 1443 479 1505 Romanus
494 1442 582 1512 dedit,
600 1442 679 1503 unde
699 1450 792 1521 pater
801 1449 829 1503 et
843 1460 911 1503 auos
925 1461 1009 1504 meus
1023 1461 1082 1503 una

64 1557 89 1597 ιι
97 1527 251 1588 vobiscum
267 1527 405 1605 expulere
420 1520 556 1589 sulacem
578 1533 607 1587 et
622 1525 877 1603 Carthaginiensis.
908 1526 1012 1586 Vostra
1029 1525 1081 1587 bo·

97 1612 196 1672 nidcia
210 1611 281 1672 mibi
297 1620 397 1690 erepta
412 1619 488 1682 sunt,
504 1619 604 1688 patres
618 1611 785 1687 conscripti,
788 1627 839 1670 vos
853 1610 883 1670 in
898 1627 963 1670 mea
977 1610 1082 1670 iniuria

97 1695 228 1773 despecti
239 1697 316 1756 estis.

184 1778 268 1839 Eheu
290 1795 339 1838 mc
361 1778 515 1837 misorum!
554 1776 676 1846 Hucine,
698 1775 817 1855 Micipsa
833 1786 926 1855 pater,
948 1776 1109 1840 benificiatt

98 1870 150 1923 tua
166 1877 302 1932 evasere,
319 1869 352 1922 ut
366 1878 455 1938 quem
471 1868 504 1921 tu
519 1878 622 1939 parem
637 1877 705 1921 cum
720 1858 821 1920 liberis
836 1858 922 1941 [tuis]
940 1862 1082 1938 regnique

64 1944 1082 2108 albati:,tzttamtttlllltbtilocalitati

99 2113 189 2190 guina
205 2111 288 2172 ferro
298 2112 373 2210 ‘fuga
393 2110 578 2172 vorsabituri
613 2109 689 2170 llum
704 2108 956 2187 Carthaginienses
970 2108 1125 2174 incola-10

98 2213 164 2256 mes
179 2194 304 2265 luere,
296 2213 361 2256 rure
376 2196 473 2255 omnia
488 2211 574 2256 saeva
593 2192 792 2272 patiebamur.
816 2193 917 2254 hostes
929 2192 966 2253 ab
981 2192 1082 2261 latere,

99 2296 152 2340 vos
176 2281 261 2339 amici
275 2277 393 2357 procul,
416 2295 484 2354 spes
501 2279 596 2337 omnis
611 2278 640 2336 in
657 2277 745 2336 armis
759 2285 830 2337 erat.
863 2276 1021 2356 Postquam
1036 2276 1084 2337 illa

65 2364 190 2441 „pestis
209 2381 245 2423 ex
258 2362 356 2423 Africa
375 2362 467 2421 eiecta
482 2369 534 2429 est,
553 2359 622 2420 laeti
636 2377 740 2437 pacem
758 2359 953 2436 agitabamus,
977 2362 1084 2439 quippe

100 2447 167 2524 quis
181 2445 273 2505 hostis
287 2444 391 2507 nadlus
400 2451 472 2513 erat,
487 2444 543 2503 nisi
555 2442 633 2503 forte
649 2460 737 2520 quem
750 2459 803 2502 ros
817 2444 981 2503 iussissetis.
1006 2442 1083 2504 Ecce
1093 2455 1123 2505 11

100 2535 201 2589 autem
222 2547 257 2590 ex
274 2529 423 2606 inproviso
440 2525 591 2604 lugurtba,
615 2524 797 2586 intoleranda
819 2526 949 2595 audacia,
972 2525 1084 2587 scelere

100 2620 189 2690 atque
203 2611 341 2690 superbia
356 2628 420 2673 sese
440 2610 590 2680 colerans,
608 2609 700 2671 fratre
712 2625 779 2669 meo
794 2617 880 2687 atque
896 2608 999 2670 eodem
1014 2626 1083 2687 pro·

101 2697 214 2774 pinque
223 2712 277 2757 suo
291 2694 445 2756 interiecto
458 2695 587 2772 primum
601 2709 727 2770 regnum
741 2694 805 2754 eius
814 2692 932 2753 sceleris
943 2695 989 2754 sui
997 2710 1083 2771 prae·

67 2779 170 2842 aotam
185 2779 262 2849 iecit,
285 2785 352 2856 post
369 2777 422 2839 ubi
436 2796 485 2838 me
507 2777 615 2838 eisdem
635 2776 709 2838 dolis
729 2793 789 2836 non
805 2777 867 2854 quit
882 2794 997 2855 capere,
1013 2777 1083 2838 nibil

99 2864 198 2923 minus
213 2878 301 2941 quam
314 2862 373 2922 vim
386 2870 437 2924 aut
450 2861 561 2923 bellum
582 2868 784 2938 expectantem
804 2861 833 2920 iu
843 2862 967 2941 imperio
976 2868 1081 2930 vostro,

101 2947 177 3007 sicut
191 2946 307 3015 videtis,
332 2952 478 3007 extorrem
500 2947 594 3024 patria
616 2945 719 3013 domo,
741 2945 859 3021 inopem
880 2951 910 3003 et
932 2950 1084 3021 copertum

100 3030 227 3090 miseriis
246 3029 354 3098 effecit,
377 3037 411 3088 ut
425 3028 519 3089 ubivis
532 3029 624 3088 tutius
639 3045 727 3107 quam
743 3029 773 3087 in
787 3044 853 3087 meo
875 3044 968 3103 regno
979 3043 1083 3087 essem.

100 3111 165 3187 Ego
187 3113 230 3172 sic
252 3111 479 3182 existumabam,
496 3118 596 3188 patres
618 3111 783 3189 conscripti,
803 3112 846 3170 uti
868 3110 1084 3188 praedicantem
1097 3119 1126 3168 1²

69 3195 272 3256 scaudiveram
287 3203 401 3274 patrem
415 3213 529 3257 meum:
554 3196 604 3273 qui
619 3203 747 3255 vostram
763 3195 917 3254 amicitiam
932 3192 1086 3268 diligenter

103 3277 250 3349 colerent,
273 3296 324 3341 eos
338 3279 603 3342 multumlaborem
618 3279 914 3356 suscipere,cetcrum
937 3295 972 3337 ex
989 3279 1081 3339 omni·

103 3361 160 3424 bus
176 3381 313 3425 maxume
332 3372 411 3425 tutos
425 3380 498 3424 esse.
531 3360 616 3431 Quod
631 3363 662 3423 in
677 3361 783 3423 familia
798 3367 896 3421 nostra
913 3359 975 3432 brit,
998 3375 1127 3440 prae-13
