<?xml version="1.0" encoding="UTF-8"?>
<!DOCTYPE html PUBLIC "-//W3C//DTD XHTML 1.0 Transitional//EN"
    "http://www.w3.org/TR/xhtml1/DTD/xhtml1-transitional.dtd">
<html xmlns="http://www.w3.org/1999/xhtml" xml:lang="en" lang="en">
 <head>
  <title>
</title>
<meta http-equiv="Content-Type" content="text/html;charset=utf-8" />
  <meta name='ocr-system' content='tesseract 3.04.00' />
  <meta name='ocr-capabilities' content='ocr_page ocr_carea ocr_par ocr_line ocrx_word'/>
</head>
<body>
  <div class='ocr_page' id='page_1' title='image "./gaisallusticris00jugugoog_0101.png"; bbox 0 0 2378 3864; ppageno 0'>
   <div class='ocr_carea' id='block_1_1' title="bbox 152 143 962 209">
    <p class='ocr_par' dir='ltr' id='par_1_1' title="bbox 152 143 962 209">
     <span class='ocr_line' id='line_1_1' title="bbox 152 143 962 209; baseline -0.006 -1"><span class='ocrx_word' id='word_1_1' title='bbox 152 143 191 208; x_wconf 85' lang='lat'>80</span> <span class='ocrx_word' id='word_1_2' title='bbox 321 163 363 204; x_wconf 87' lang='lat' dir='ltr'>nn</span> <span class='ocrx_word' id='word_1_3' title='bbox 382 160 485 204; x_wconf 76' lang='lat' dir='ltr'>numo</span> <span class='ocrx_word' id='word_1_4' title='bbox 509 160 710 204; x_wconf 83' lang='lat' dir='ltr'>tvornrnnto</span> <span class='ocrx_word' id='word_1_5' title='bbox 736 159 764 203; x_wconf 88' lang='lat' dir='ltr'>e.</span> <span class='ocrx_word' id='word_1_6' title='bbox 784 151 828 206; x_wconf 84' lang='grc'>68.</span> <span class='ocrx_word' id='word_1_7' title='bbox 852 153 896 209; x_wconf 82' lang='lat'>69.</span> <span class='ocrx_word' id='word_1_8' title='bbox 919 153 962 209; x_wconf 78' lang='lat' dir='ltr'>itt.</span> 
     </span>
    </p>
   </div>
   <div class='ocr_carea' id='block_1_2' title="bbox 34 309 1189 3505">
    <p class='ocr_par' dir='ltr' id='par_1_2' title="bbox 123 309 1124 391">
     <span class='ocr_line' id='line_1_2' title="bbox 123 309 1124 391; baseline 0 -16"><span class='ocrx_word' id='word_1_9' title='bbox 123 314 199 380; x_wconf 74' lang='lat' dir='ltr'>asic</span> <span class='ocrx_word' id='word_1_10' title='bbox 218 313 321 374; x_wconf 90' lang='lat' dir='ltr'>animis</span> <span class='ocrx_word' id='word_1_11' title='bbox 342 329 445 372; x_wconf 91' lang='lat' dir='ltr'>eorum</span> <span class='ocrx_word' id='word_1_12' title='bbox 468 310 606 378; x_wconf 79' lang='lat' dir='ltr'>adrectis,</span> <span class='ocrx_word' id='word_1_13' title='bbox 629 310 741 388; x_wconf 84' lang='lat' dir='ltr'>equites</span> <span class='ocrx_word' id='word_1_14' title='bbox 761 310 792 370; x_wconf 93' lang='lat' dir='ltr'>in</span> <span class='ocrx_word' id='word_1_15' title='bbox 812 311 907 388; x_wconf 89' lang='lat' dir='ltr'>primo</span> <span class='ocrx_word' id='word_1_16' title='bbox 929 309 1003 381; x_wconf 90' lang='lat' dir='ltr'>late,</span> <span class='ocrx_word' id='word_1_17' title='bbox 1025 313 1124 391; x_wconf 77' lang='lat' dir='ltr'>pedites</span> 
     </span>
    </p>

    <p class='ocr_par' dir='ltr' id='par_1_3' title="bbox 101 392 1164 811">
     <span class='ocr_line' id='line_1_3' title="bbox 101 392 1164 478; baseline -0.001 -19"><span class='ocrx_word' id='word_1_18' title='bbox 101 407 140 468; x_wconf 84' lang='lat'>69</span> <span class='ocrx_word' id='word_1_19' title='bbox 151 416 239 478; x_wconf 89' lang='lat' dir='ltr'>quam</span> <span class='ocrx_word' id='word_1_20' title='bbox 260 397 414 458; x_wconf 82' lang='lat' dir='ltr'>artissume</span> <span class='ocrx_word' id='word_1_21' title='bbox 442 397 485 456; x_wconf 93' lang='lat' dir='ltr'>ire</span> <span class='ocrx_word' id='word_1_22' title='bbox 515 403 544 454; x_wconf 90' lang='lat' dir='ltr'>et</span> <span class='ocrx_word' id='word_1_23' title='bbox 564 394 647 470; x_wconf 89' lang='lat' dir='ltr'>signa</span> <span class='ocrx_word' id='word_1_24' title='bbox 669 392 818 456; x_wconf 90' lang='lat' dir='ltr'>occultare</span> <span class='ocrx_word' id='word_1_25' title='bbox 840 394 930 456; x_wconf 90' lang='lat' dir='ltr'>iubet.</span> <span class='ocrx_word' id='word_1_26' title='bbox 987 399 1125 476; x_wconf 82' lang='lat' dir='ltr'>Vagenses</span> <span class='ocrx_word' id='word_1_27' title='bbox 1163 415 1164 418; x_wconf 69' lang='grc'>’</span> 
     </span>
     <span class='ocr_line' id='line_1_4' title="bbox 152 478 1124 558; baseline 0 -15"><span class='ocrx_word' id='word_1_28' title='bbox 152 483 202 544; x_wconf 92' lang='lat' dir='ltr'>ubi</span> <span class='ocrx_word' id='word_1_29' title='bbox 229 479 534 543; x_wconf 81' lang='lat' dir='ltr'>animumadvertere</span> <span class='ocrx_word' id='word_1_30' title='bbox 564 478 601 538; x_wconf 86' lang='lat' dir='ltr'>ad</span> <span class='ocrx_word' id='word_1_31' title='bbox 622 494 654 539; x_wconf 88' lang='lat' dir='ltr'>se</span> <span class='ocrx_word' id='word_1_32' title='bbox 675 495 794 540; x_wconf 85' lang='lat' dir='ltr'>vorsum</span> <span class='ocrx_word' id='word_1_33' title='bbox 817 480 978 540; x_wconf 87' lang='lat' dir='ltr'>exercitum</span> <span class='ocrx_word' id='word_1_34' title='bbox 998 497 1124 558; x_wconf 84' lang='lat' dir='ltr'>pergere,</span> 
     </span>
     <span class='ocr_line' id='line_1_5' title="bbox 150 560 1125 646; baseline 0.001 -21"><span class='ocrx_word' id='word_1_35' title='bbox 150 569 264 646; x_wconf 91' lang='lat' dir='ltr'>primo,</span> <span class='ocrx_word' id='word_1_36' title='bbox 293 567 335 626; x_wconf 90' lang='lat' dir='ltr'>uti</span> <span class='ocrx_word' id='word_1_37' title='bbox 357 572 420 625; x_wconf 85' lang='lat' dir='ltr'>erat</span> <span class='ocrx_word' id='word_1_38' title='bbox 440 580 503 632; x_wconf 89' lang='lat' dir='ltr'>res,</span> <span class='ocrx_word' id='word_1_39' title='bbox 530 560 680 623; x_wconf 87' lang='lat' dir='ltr'>lletellum</span> <span class='ocrx_word' id='word_1_40' title='bbox 701 579 764 623; x_wconf 88' lang='lat' dir='ltr'>esse</span> <span class='ocrx_word' id='word_1_41' title='bbox 791 564 847 623; x_wconf 91' lang='lat' dir='ltr'>rati</span> <span class='ocrx_word' id='word_1_42' title='bbox 868 571 970 640; x_wconf 84' lang='lat' dir='ltr'>portas</span> <span class='ocrx_word' id='word_1_43' title='bbox 993 563 1125 635; x_wconf 86' lang='lat' dir='ltr'>clausere,</span> 
     </span>
     <span class='ocr_line' id='line_1_6' title="bbox 151 647 1141 727; baseline -0.008 -14"><span class='ocrx_word' id='word_1_44' title='bbox 151 651 257 712; x_wconf 89' lang='lat' dir='ltr'>deinde</span> <span class='ocrx_word' id='word_1_45' title='bbox 278 648 330 711; x_wconf 90' lang='lat' dir='ltr'>ubi</span> <span class='ocrx_word' id='word_1_46' title='bbox 350 666 446 726; x_wconf 90' lang='lat' dir='ltr'>neque</span> <span class='ocrx_word' id='word_1_47' title='bbox 470 662 557 723; x_wconf 90' lang='lat' dir='ltr'>agros</span> <span class='ocrx_word' id='word_1_48' title='bbox 579 647 685 706; x_wconf 83' lang='lat' dir='ltr'>vastari</span> <span class='ocrx_word' id='word_1_49' title='bbox 707 655 736 706; x_wconf 89' lang='lat' dir='ltr'>et</span> <span class='ocrx_word' id='word_1_50' title='bbox 758 649 880 727; x_wconf 91' lang='lat' dir='ltr'>eosqui</span> <span class='ocrx_word' id='word_1_51' title='bbox 905 648 995 725; x_wconf 89' lang='lat' dir='ltr'>primi</span> <span class='ocrx_word' id='word_1_52' title='bbox 1015 649 1141 711; x_wconf 72' lang='lat' dir='ltr'>adstante</span> 
     </span>
     <span class='ocr_line' id='line_1_7' title="bbox 150 730 1127 811; baseline -0.002 -14"><span class='ocrx_word' id='word_1_53' title='bbox 150 734 292 797; x_wconf 87' lang='lat' dir='ltr'>Numidas</span> <span class='ocrx_word' id='word_1_54' title='bbox 314 734 427 811; x_wconf 85' lang='lat' dir='ltr'>equites</span> <span class='ocrx_word' id='word_1_55' title='bbox 442 731 556 800; x_wconf 87' lang='lat' dir='ltr'>vident,</span> <span class='ocrx_word' id='word_1_56' title='bbox 577 748 697 791; x_wconf 90' lang='lat' dir='ltr'>rursum</span> <span class='ocrx_word' id='word_1_57' title='bbox 719 730 891 807; x_wconf 86' lang='lat' dir='ltr'>Iugurtham</span> <span class='ocrx_word' id='word_1_58' title='bbox 913 731 1048 794; x_wconf 88' lang='lat' dir='ltr'>arbitrati</span> <span class='ocrx_word' id='word_1_59' title='bbox 1070 752 1127 796; x_wconf 89' lang='lat' dir='ltr'>cunt</span> 
     </span>
    </p>

    <p class='ocr_par' dir='ltr' id='par_1_4' title="bbox 125 814 1128 1066">
     <span class='ocr_line' id='line_1_8' title="bbox 125 814 1128 896; baseline 0 -17"><span class='ocrx_word' id='word_1_60' title='bbox 125 836 257 896; x_wconf 82' lang='lat' dir='ltr'>2magno</span> <span class='ocrx_word' id='word_1_61' title='bbox 273 818 379 896; x_wconf 90' lang='lat' dir='ltr'>gaudio</span> <span class='ocrx_word' id='word_1_62' title='bbox 396 815 472 877; x_wconf 82' lang='lat' dir='ltr'>obvii</span> <span class='ocrx_word' id='word_1_63' title='bbox 487 814 661 892; x_wconf 87' lang='lat' dir='ltr'>procedunt.</span> <span class='ocrx_word' id='word_1_64' title='bbox 695 815 814 892; x_wconf 82' lang='lat' dir='ltr'>Equites</span> <span class='ocrx_word' id='word_1_65' title='bbox 828 816 1000 895; x_wconf 86' lang='lat' dir='ltr'>peditesque</span> <span class='ocrx_word' id='word_1_66' title='bbox 1015 827 1128 896; x_wconf 89' lang='lat' dir='ltr'>reponte</span> 
     </span>
     <span class='ocr_line' id='line_1_9' title="bbox 151 898 1127 981; baseline 0 -18"><span class='ocrx_word' id='word_1_67' title='bbox 151 906 234 980; x_wconf 84' lang='lat' dir='ltr'>signo</span> <span class='ocrx_word' id='word_1_68' title='bbox 259 902 326 963; x_wconf 91' lang='lat' dir='ltr'>dato</span> <span class='ocrx_word' id='word_1_69' title='bbox 344 900 392 962; x_wconf 90' lang='lat' dir='ltr'>alii</span> <span class='ocrx_word' id='word_1_70' title='bbox 402 899 519 977; x_wconf 84' lang='lat' dir='ltr'>volgum</span> <span class='ocrx_word' id='word_1_71' title='bbox 527 899 651 960; x_wconf 87' lang='lat' dir='ltr'>ellusum</span> <span class='ocrx_word' id='word_1_72' title='bbox 666 899 773 978; x_wconf 91' lang='lat' dir='ltr'>oppido</span> <span class='ocrx_word' id='word_1_73' title='bbox 789 899 928 970; x_wconf 80' lang='lat' dir='ltr'>caedere,</span> <span class='ocrx_word' id='word_1_74' title='bbox 946 898 995 961; x_wconf 93' lang='lat' dir='ltr'>alii</span> <span class='ocrx_word' id='word_1_75' title='bbox 1012 903 1050 962; x_wconf 92' lang='lat' dir='ltr'>ad</span> <span class='ocrx_word' id='word_1_76' title='bbox 1068 919 1127 981; x_wconf 91' lang='lat' dir='ltr'>por·</span> 
     </span>
     <span class='ocr_line' id='line_1_10' title="bbox 151 984 1128 1066; baseline -0.001 -18"><span class='ocrx_word' id='word_1_77' title='bbox 151 996 195 1048; x_wconf 91' lang='lat' dir='ltr'>tas</span> <span class='ocrx_word' id='word_1_78' title='bbox 216 987 369 1054; x_wconf 83' lang='lat' dir='ltr'>festinare,</span> <span class='ocrx_word' id='word_1_79' title='bbox 391 1001 461 1062; x_wconf 91' lang='lat' dir='ltr'>pars</span> <span class='ocrx_word' id='word_1_80' title='bbox 478 984 568 1044; x_wconf 91' lang='lat' dir='ltr'>turris</span> <span class='ocrx_word' id='word_1_81' title='bbox 594 1000 716 1062; x_wconf 89' lang='lat' dir='ltr'>capere:</span> <span class='ocrx_word' id='word_1_82' title='bbox 742 984 785 1043; x_wconf 92' lang='lat' dir='ltr'>ira</span> <span class='ocrx_word' id='word_1_83' title='bbox 807 991 894 1062; x_wconf 89' lang='lat' dir='ltr'>atque</span> <span class='ocrx_word' id='word_1_84' title='bbox 913 986 1043 1062; x_wconf 82' lang='lat' dir='ltr'>praedae</span> <span class='ocrx_word' id='word_1_85' title='bbox 1070 1003 1128 1066; x_wconf 88' lang='lat' dir='ltr'>spes</span> 
     </span>
    </p>

    <p class='ocr_par' dir='ltr' id='par_1_5' title="bbox 34 1067 1151 1233">
     <span class='ocr_line' id='line_1_11' title="bbox 34 1067 1151 1149; baseline -0.009 -14"><span class='ocrx_word' id='word_1_86' title='bbox 34 1079 37 1088; x_wconf 89' lang='lat'>&#39;</span> <span class='ocrx_word' id='word_1_87' title='bbox 125 1069 275 1149; x_wconf 84' lang='lat' dir='ltr'>3amplius</span> <span class='ocrx_word' id='word_1_88' title='bbox 293 1086 381 1148; x_wconf 90' lang='lat' dir='ltr'>quam</span> <span class='ocrx_word' id='word_1_89' title='bbox 395 1067 535 1129; x_wconf 89' lang='lat' dir='ltr'>lassitudo</span> <span class='ocrx_word' id='word_1_90' title='bbox 550 1083 647 1146; x_wconf 89' lang='lat' dir='ltr'>posse.</span> <span class='ocrx_word' id='word_1_91' title='bbox 678 1067 721 1128; x_wconf 85' lang='lat' dir='ltr'>Ita</span> <span class='ocrx_word' id='word_1_92' title='bbox 744 1067 889 1146; x_wconf 84' lang='lat' dir='ltr'>Vagenses</span> <span class='ocrx_word' id='word_1_93' title='bbox 903 1067 1027 1130; x_wconf 86' lang='lat' dir='ltr'>biduom</span> <span class='ocrx_word' id='word_1_94' title='bbox 1048 1072 1127 1132; x_wconf 93' lang='lat' dir='ltr'>modo</span> <span class='ocrx_word' id='word_1_95' title='bbox 1136 1086 1151 1126; x_wconf 84' lang='lat' dir='ltr'>o</span> 
     </span>
     <span class='ocr_line' id='line_1_12' title="bbox 152 1151 1128 1233; baseline 0.001 -17"><span class='ocrx_word' id='word_1_96' title='bbox 152 1174 188 1216; x_wconf 84' lang='lat' dir='ltr'>ex</span> <span class='ocrx_word' id='word_1_97' title='bbox 204 1153 326 1233; x_wconf 86' lang='lat' dir='ltr'>perfidia</span> <span class='ocrx_word' id='word_1_98' title='bbox 341 1152 453 1214; x_wconf 90' lang='lat' dir='ltr'>laetati:</span> <span class='ocrx_word' id='word_1_99' title='bbox 474 1153 572 1212; x_wconf 81' lang='lat' dir='ltr'>civitas</span> <span class='ocrx_word' id='word_1_100' title='bbox 590 1167 696 1227; x_wconf 89' lang='lat' dir='ltr'>magna</span> <span class='ocrx_word' id='word_1_101' title='bbox 714 1158 743 1212; x_wconf 91' lang='lat' dir='ltr'>et</span> <span class='ocrx_word' id='word_1_102' title='bbox 757 1151 880 1229; x_wconf 84' lang='lat' dir='ltr'>opulens</span> <span class='ocrx_word' id='word_1_103' title='bbox 899 1162 1005 1213; x_wconf 92' lang='lat' dir='ltr'>cuncta</span> <span class='ocrx_word' id='word_1_104' title='bbox 1023 1171 1128 1232; x_wconf 86' lang='lat' dir='ltr'>poenae</span> 
     </span>
    </p>

    <p class='ocr_par' dir='ltr' id='par_1_6' title="bbox 124 1234 1152 1647">
     <span class='ocr_line' id='line_1_13' title="bbox 124 1234 1129 1317; baseline 0 -16"><span class='ocrx_word' id='word_1_105' title='bbox 124 1249 202 1307; x_wconf 71' lang='lat' dir='ltr'>aaut</span> <span class='ocrx_word' id='word_1_106' title='bbox 216 1238 344 1317; x_wconf 86' lang='lat' dir='ltr'>praedae</span> <span class='ocrx_word' id='word_1_107' title='bbox 358 1237 420 1298; x_wconf 87' lang='lat' dir='ltr'>luit.</span> <span class='ocrx_word' id='word_1_108' title='bbox 449 1234 606 1314; x_wconf 79' lang='lat' dir='ltr'>Turpilius,</span> <span class='ocrx_word' id='word_1_109' title='bbox 623 1252 710 1313; x_wconf 90' lang='lat' dir='ltr'>quem</span> <span class='ocrx_word' id='word_1_110' title='bbox 726 1234 907 1313; x_wconf 89' lang='lat' dir='ltr'>praelectum</span> <span class='ocrx_word' id='word_1_111' title='bbox 924 1237 1026 1314; x_wconf 89' lang='lat' dir='ltr'>oppidi</span> <span class='ocrx_word' id='word_1_112' title='bbox 1044 1257 1129 1301; x_wconf 91' lang='lat' dir='ltr'>unum</span> 
     </span>
     <span class='ocr_line' id='line_1_14' title="bbox 151 1319 1128 1401; baseline -0.001 -16"><span class='ocrx_word' id='word_1_113' title='bbox 151 1343 188 1386; x_wconf 84' lang='lat' dir='ltr'>ex</span> <span class='ocrx_word' id='word_1_114' title='bbox 210 1321 347 1384; x_wconf 91' lang='lat' dir='ltr'>omnibus</span> <span class='ocrx_word' id='word_1_115' title='bbox 361 1321 527 1401; x_wconf 78' lang='lat' dir='ltr'>profugisse</span> <span class='ocrx_word' id='word_1_116' title='bbox 547 1336 637 1396; x_wconf 89' lang='lat' dir='ltr'>snpra</span> <span class='ocrx_word' id='word_1_117' title='bbox 651 1319 840 1389; x_wconf 88' lang='lat' dir='ltr'>ostendimus,</span> <span class='ocrx_word' id='word_1_118' title='bbox 864 1321 961 1382; x_wconf 89' lang='lat' dir='ltr'>iussus</span> <span class='ocrx_word' id='word_1_119' title='bbox 983 1339 1000 1382; x_wconf 93' lang='lat' dir='ltr'>a</span> <span class='ocrx_word' id='word_1_120' title='bbox 1019 1322 1128 1386; x_wconf 82' lang='lat' dir='ltr'>Metello</span> 
     </span>
     <span class='ocr_line' id='line_1_15' title="bbox 152 1407 1128 1483; baseline 0 -14"><span class='ocrx_word' id='word_1_121' title='bbox 152 1424 271 1469; x_wconf 86' lang='lat' dir='ltr'>causam</span> <span class='ocrx_word' id='word_1_122' title='bbox 303 1407 418 1474; x_wconf 87' lang='lat' dir='ltr'>dicere,</span> <span class='ocrx_word' id='word_1_123' title='bbox 438 1411 594 1483; x_wconf 91' lang='lat' dir='ltr'>postquam</span> <span class='ocrx_word' id='word_1_124' title='bbox 609 1420 674 1464; x_wconf 91' lang='lat' dir='ltr'>sese</span> <span class='ocrx_word' id='word_1_125' title='bbox 695 1421 800 1481; x_wconf 91' lang='lat' dir='ltr'>parum</span> <span class='ocrx_word' id='word_1_126' title='bbox 823 1413 976 1482; x_wconf 86' lang='lat' dir='ltr'>expurgat,</span> <span class='ocrx_word' id='word_1_127' title='bbox 995 1408 1128 1469; x_wconf 85' lang='lat' dir='ltr'>condem·</span> 
     </span>
     <span class='ocr_line' id='line_1_16' title="bbox 151 1485 1152 1568; baseline 0 -15"><span class='ocrx_word' id='word_1_128' title='bbox 151 1499 237 1553; x_wconf 89' lang='lat' dir='ltr'>natus</span> <span class='ocrx_word' id='word_1_129' title='bbox 265 1490 496 1568; x_wconf 81' lang='lat' dir='ltr'>verberatusque</span> <span class='ocrx_word' id='word_1_130' title='bbox 518 1489 612 1567; x_wconf 91' lang='lat' dir='ltr'>capite</span> <span class='ocrx_word' id='word_1_131' title='bbox 632 1504 741 1565; x_wconf 89' lang='lat' dir='ltr'>poenas</span> <span class='ocrx_word' id='word_1_132' title='bbox 762 1485 860 1548; x_wconf 80' lang='lat' dir='ltr'>solvit:</span> <span class='ocrx_word' id='word_1_133' title='bbox 885 1487 909 1568; x_wconf 91' lang='lat'>†</span> <span class='ocrx_word' id='word_1_134' title='bbox 930 1507 999 1550; x_wconf 92' lang='lat' dir='ltr'>nam</span> <span class='ocrx_word' id='word_1_135' title='bbox 1023 1493 1152 1553; x_wconf 75' lang='lat' dir='ltr'>iscium</span> 
     </span>
     <span class='ocr_line' id='line_1_17' title="bbox 152 1576 1035 1647; baseline -0.002 -10"><span class='ocrx_word' id='word_1_136' title='bbox 152 1595 189 1638; x_wconf 84' lang='lat' dir='ltr'>ex</span> <span class='ocrx_word' id='word_1_137' title='bbox 203 1576 286 1637; x_wconf 93' lang='lat' dir='ltr'>Latio</span> <span class='ocrx_word' id='word_1_138' title='bbox 303 1584 375 1637; x_wconf 89' lang='lat' dir='ltr'>erat.</span> <span class='ocrx_word' id='word_1_139' title='bbox 1030 1634 1035 1647; x_wconf 71' lang='grc'>,</span> 
     </span>
    </p>

    <p class='ocr_par' dir='ltr' id='par_1_7' title="bbox 102 1656 1129 1906">
     <span class='ocr_line' id='line_1_18' title="bbox 102 1656 1128 1738; baseline 0.002 -18"><span class='ocrx_word' id='word_1_140' title='bbox 102 1667 141 1729; x_wconf 80' lang='lat'>70</span> <span class='ocrx_word' id='word_1_141' title='bbox 237 1660 296 1721; x_wconf 90' lang='lat' dir='ltr'>Per</span> <span class='ocrx_word' id='word_1_142' title='bbox 319 1659 397 1720; x_wconf 91' lang='lat' dir='ltr'>idem</span> <span class='ocrx_word' id='word_1_143' title='bbox 424 1665 539 1734; x_wconf 90' lang='lat' dir='ltr'>tempus</span> <span class='ocrx_word' id='word_1_144' title='bbox 559 1656 719 1726; x_wconf 88' lang='lat' dir='ltr'>Bomilcar,</span> <span class='ocrx_word' id='word_1_145' title='bbox 749 1657 830 1717; x_wconf 89' lang='lat' dir='ltr'>euius</span> <span class='ocrx_word' id='word_1_146' title='bbox 851 1656 969 1736; x_wconf 91' lang='lat' dir='ltr'>inpulsu</span> <span class='ocrx_word' id='word_1_147' title='bbox 992 1659 1128 1738; x_wconf 85' lang='lat' dir='ltr'>iugurtha</span> 
     </span>
     <span class='ocr_line' id='line_1_19' title="bbox 153 1739 1129 1823; baseline 0.002 -19"><span class='ocrx_word' id='word_1_148' title='bbox 153 1745 339 1810; x_wconf 88' lang='lat' dir='ltr'>deditionem,</span> <span class='ocrx_word' id='word_1_149' title='bbox 359 1759 447 1820; x_wconf 91' lang='lat' dir='ltr'>quam</span> <span class='ocrx_word' id='word_1_150' title='bbox 462 1747 541 1801; x_wconf 90' lang='lat' dir='ltr'>metu</span> <span class='ocrx_word' id='word_1_151' title='bbox 556 1740 699 1809; x_wconf 87' lang='lat' dir='ltr'>deseruit,</span> <span class='ocrx_word' id='word_1_152' title='bbox 719 1739 884 1819; x_wconf 83' lang='lat' dir='ltr'>inceperat,</span> <span class='ocrx_word' id='word_1_153' title='bbox 900 1753 1057 1820; x_wconf 91' lang='lat' dir='ltr'>suspectus</span> <span class='ocrx_word' id='word_1_154' title='bbox 1072 1747 1129 1823; x_wconf 85' lang='lat' dir='ltr'>regi</span> 
     </span>
     <span class='ocr_line' id='line_1_20' title="bbox 153 1826 1129 1906; baseline 0.004 -18"><span class='ocrx_word' id='word_1_155' title='bbox 153 1837 181 1889; x_wconf 90' lang='lat' dir='ltr'>et</span> <span class='ocrx_word' id='word_1_156' title='bbox 203 1829 265 1905; x_wconf 91' lang='lat' dir='ltr'>ipse</span> <span class='ocrx_word' id='word_1_157' title='bbox 293 1843 360 1886; x_wconf 91' lang='lat' dir='ltr'>eum</span> <span class='ocrx_word' id='word_1_158' title='bbox 381 1826 542 1901; x_wconf 88' lang='lat' dir='ltr'>suspiciens</span> <span class='ocrx_word' id='word_1_159' title='bbox 585 1841 674 1884; x_wconf 86' lang='lat' dir='ltr'>noras</span> <span class='ocrx_word' id='word_1_160' title='bbox 696 1841 745 1884; x_wconf 89' lang='lat' dir='ltr'>res</span> <span class='ocrx_word' id='word_1_161' title='bbox 767 1842 891 1904; x_wconf 88' lang='lat' dir='ltr'>cupere,</span> <span class='ocrx_word' id='word_1_162' title='bbox 922 1826 958 1888; x_wconf 89' lang='lat' dir='ltr'>ad</span> <span class='ocrx_word' id='word_1_163' title='bbox 978 1831 1129 1906; x_wconf 86' lang='lat' dir='ltr'>pernitiem</span> 
     </span>
    </p>

    <p class='ocr_par' dir='ltr' id='par_1_8' title="bbox 125 1907 1153 1987">
     <span class='ocr_line' id='line_1_21' title="bbox 125 1907 1153 1987; baseline -0.002 -15"><span class='ocrx_word' id='word_1_164' title='bbox 125 1913 215 1979; x_wconf 75' lang='lat' dir='ltr'>acius</span> <span class='ocrx_word' id='word_1_165' title='bbox 230 1908 330 1971; x_wconf 93' lang='lat' dir='ltr'>dolum</span> <span class='ocrx_word' id='word_1_166' title='bbox 347 1925 498 1987; x_wconf 84' lang='lat' dir='ltr'>quaerere,</span> <span class='ocrx_word' id='word_1_167' title='bbox 517 1907 564 1968; x_wconf 91' lang='lat' dir='ltr'>die</span> <span class='ocrx_word' id='word_1_168' title='bbox 582 1915 729 1986; x_wconf 91' lang='lat' dir='ltr'>noctuque</span> <span class='ocrx_word' id='word_1_169' title='bbox 749 1907 870 1984; x_wconf 80' lang='lat' dir='ltr'>fatigare</span> <span class='ocrx_word' id='word_1_170' title='bbox 889 1911 1035 1974; x_wconf 85' lang='lat' dir='ltr'>animum:</span> <span class='ocrx_word' id='word_1_171' title='bbox 1054 1914 1153 1976; x_wconf 82' lang='lat' dir='ltr'>deni-st</span> 
     </span>
    </p>

    <p class='ocr_par' dir='ltr' id='par_1_9' title="bbox 104 1988 1154 2412">
     <span class='ocr_line' id='line_1_22' title="bbox 104 1988 1128 2074; baseline 0.003 -18"><span class='ocrx_word' id='word_1_172' title='bbox 104 2025 106 2030; x_wconf 95' lang='lat'>·</span> <span class='ocrx_word' id='word_1_173' title='bbox 153 2014 210 2074; x_wconf 91' lang='lat' dir='ltr'>que</span> <span class='ocrx_word' id='word_1_174' title='bbox 240 1994 337 2054; x_wconf 93' lang='lat' dir='ltr'>omnia</span> <span class='ocrx_word' id='word_1_175' title='bbox 362 1990 529 2070; x_wconf 91' lang='lat' dir='ltr'>temptando</span> <span class='ocrx_word' id='word_1_176' title='bbox 558 1992 670 2051; x_wconf 89' lang='lat' dir='ltr'>socium</span> <span class='ocrx_word' id='word_1_177' title='bbox 702 1988 758 2051; x_wconf 91' lang='lat' dir='ltr'>sibi</span> <span class='ocrx_word' id='word_1_178' title='bbox 789 1992 920 2072; x_wconf 87' lang='lat' dir='ltr'>adiungit</span> <span class='ocrx_word' id='word_1_179' title='bbox 947 1994 1128 2066; x_wconf 85' lang='lat' dir='ltr'>Nabdalsam,</span> 
     </span>
     <span class='ocr_line' id='line_1_23' title="bbox 152 2074 1129 2161; baseline 0.002 -21"><span class='ocrx_word' id='word_1_180' title='bbox 152 2079 301 2140; x_wconf 86' lang='lat' dir='ltr'>hontinem</span> <span class='ocrx_word' id='word_1_181' title='bbox 315 2074 452 2145; x_wconf 90' lang='lat' dir='ltr'>nobilem,</span> <span class='ocrx_word' id='word_1_182' title='bbox 469 2076 582 2151; x_wconf 81' lang='lat' dir='ltr'>magnis</span> <span class='ocrx_word' id='word_1_183' title='bbox 597 2074 715 2153; x_wconf 91' lang='lat' dir='ltr'>opibus,</span> <span class='ocrx_word' id='word_1_184' title='bbox 734 2093 835 2136; x_wconf 89' lang='lat' dir='ltr'>carum</span> <span class='ocrx_word' id='word_1_185' title='bbox 853 2088 1068 2160; x_wconf 86' lang='lat' dir='ltr'>acceptumque</span> <span class='ocrx_word' id='word_1_186' title='bbox 1082 2100 1129 2161; x_wconf 79' lang='lat' dir='ltr'>po</span> 
     </span>
     <span class='ocr_line' id='line_1_24' title="bbox 151 2159 1147 2242; baseline 0.006 -20"><span class='ocrx_word' id='word_1_187' title='bbox 151 2162 305 2242; x_wconf 89' lang='lat' dir='ltr'>pularibus</span> <span class='ocrx_word' id='word_1_188' title='bbox 325 2161 400 2229; x_wconf 91' lang='lat' dir='ltr'>suis,</span> <span class='ocrx_word' id='word_1_189' title='bbox 424 2160 473 2238; x_wconf 90' lang='lat' dir='ltr'>qui</span> <span class='ocrx_word' id='word_1_190' title='bbox 487 2159 662 2238; x_wconf 87' lang='lat' dir='ltr'>plerumque</span> <span class='ocrx_word' id='word_1_191' title='bbox 678 2175 812 2221; x_wconf 90' lang='lat' dir='ltr'>seorsum</span> <span class='ocrx_word' id='word_1_192' title='bbox 830 2160 867 2222; x_wconf 91' lang='lat' dir='ltr'>ab</span> <span class='ocrx_word' id='word_1_193' title='bbox 884 2180 956 2240; x_wconf 87' lang='lat' dir='ltr'>rege</span> <span class='ocrx_word' id='word_1_194' title='bbox 972 2167 1147 2229; x_wconf 84' lang='lat' dir='ltr'>exercitum-</span> 
     </span>
     <span class='ocr_line' id='line_1_25' title="bbox 152 2242 1130 2327; baseline 0.005 -20"><span class='ocrx_word' id='word_1_195' title='bbox 152 2248 273 2308; x_wconf 87' lang='lat' dir='ltr'>ductare</span> <span class='ocrx_word' id='word_1_196' title='bbox 296 2254 325 2306; x_wconf 91' lang='lat' dir='ltr'>et</span> <span class='ocrx_word' id='word_1_197' title='bbox 347 2245 440 2304; x_wconf 91' lang='lat' dir='ltr'>omnis</span> <span class='ocrx_word' id='word_1_198' title='bbox 462 2260 511 2304; x_wconf 88' lang='lat' dir='ltr'>res</span> <span class='ocrx_word' id='word_1_199' title='bbox 537 2243 642 2323; x_wconf 88' lang='lat' dir='ltr'>exequi</span> <span class='ocrx_word' id='word_1_200' title='bbox 661 2242 763 2305; x_wconf 88' lang='lat' dir='ltr'>solitus</span> <span class='ocrx_word' id='word_1_201' title='bbox 784 2253 855 2316; x_wconf 88' lang='lat' dir='ltr'>erat,</span> <span class='ocrx_word' id='word_1_202' title='bbox 879 2264 954 2327; x_wconf 90' lang='lat' dir='ltr'>quae</span> <span class='ocrx_word' id='word_1_203' title='bbox 973 2247 1130 2326; x_wconf 80' lang='lat' dir='ltr'>Iugurthae</span> 
     </span>
     <span class='ocr_line' id='line_1_26' title="bbox 152 2327 1154 2412; baseline 0.002 -22"><span class='ocrx_word' id='word_1_204' title='bbox 152 2330 231 2391; x_wconf 85' lang='lat' dir='ltr'>sesso</span> <span class='ocrx_word' id='word_1_205' title='bbox 247 2337 299 2390; x_wconf 91' lang='lat' dir='ltr'>aut</span> <span class='ocrx_word' id='word_1_206' title='bbox 312 2327 472 2388; x_wconf 86' lang='lat' dir='ltr'>maioribus</span> <span class='ocrx_word' id='word_1_207' title='bbox 488 2328 624 2389; x_wconf 89' lang='lat' dir='ltr'>adstricto</span> <span class='ocrx_word' id='word_1_208' title='bbox 640 2339 863 2406; x_wconf 86' lang='lat' dir='ltr'>superaverant:</span> <span class='ocrx_word' id='word_1_209' title='bbox 884 2350 919 2391; x_wconf 85' lang='lat' dir='ltr'>ex</span> <span class='ocrx_word' id='word_1_210' title='bbox 935 2350 993 2410; x_wconf 92' lang='lat' dir='ltr'>quo</span> <span class='ocrx_word' id='word_1_211' title='bbox 1014 2332 1056 2394; x_wconf 90' lang='lat' dir='ltr'>illi</span> <span class='ocrx_word' id='word_1_212' title='bbox 1071 2335 1154 2412; x_wconf 82' lang='lat' dir='ltr'>glo-a</span> 
     </span>
    </p>

    <p class='ocr_par' dir='ltr' id='par_1_10' title="bbox 127 2412 1131 2581">
     <span class='ocr_line' id='line_1_27' title="bbox 127 2412 1131 2492; baseline 0.001 -13"><span class='ocrx_word' id='word_1_213' title='bbox 127 2416 195 2479; x_wconf 72' lang='lat' dir='ltr'>tria</span> <span class='ocrx_word' id='word_1_214' title='bbox 210 2430 340 2492; x_wconf 90' lang='lat' dir='ltr'>opesque</span> <span class='ocrx_word' id='word_1_215' title='bbox 360 2412 503 2473; x_wconf 82' lang='lat' dir='ltr'>inventae.</span> <span class='ocrx_word' id='word_1_216' title='bbox 538 2413 629 2490; x_wconf 88' lang='lat' dir='ltr'>Igitur</span> <span class='ocrx_word' id='word_1_217' title='bbox 644 2413 797 2491; x_wconf 89' lang='lat' dir='ltr'>utriusque</span> <span class='ocrx_word' id='word_1_218' title='bbox 812 2413 931 2475; x_wconf 91' lang='lat' dir='ltr'>consilio</span> <span class='ocrx_word' id='word_1_219' title='bbox 946 2415 1007 2476; x_wconf 87' lang='lat' dir='ltr'>dies</span> <span class='ocrx_word' id='word_1_220' title='bbox 1023 2419 1131 2480; x_wconf 86' lang='lat' dir='ltr'>insidiis</span> 
     </span>
     <span class='ocr_line' id='line_1_28' title="bbox 152 2497 1131 2581; baseline 0.004 -22"><span class='ocrx_word' id='word_1_221' title='bbox 152 2498 302 2560; x_wconf 87' lang='lat' dir='ltr'>statuitur:</span> <span class='ocrx_word' id='word_1_222' title='bbox 327 2505 434 2565; x_wconf 88' lang='lat' dir='ltr'>cetera,</span> <span class='ocrx_word' id='word_1_223' title='bbox 457 2497 499 2557; x_wconf 89' lang='lat' dir='ltr'>uti</span> <span class='ocrx_word' id='word_1_224' title='bbox 517 2515 566 2558; x_wconf 89' lang='lat' dir='ltr'>res</span> <span class='ocrx_word' id='word_1_225' title='bbox 580 2505 724 2576; x_wconf 84' lang='lat' dir='ltr'>posceret,</span> <span class='ocrx_word' id='word_1_226' title='bbox 749 2515 783 2557; x_wconf 84' lang='lat' dir='ltr'>ex</span> <span class='ocrx_word' id='word_1_227' title='bbox 808 2506 941 2576; x_wconf 90' lang='lat' dir='ltr'>tempore</span> <span class='ocrx_word' id='word_1_228' title='bbox 954 2504 1054 2576; x_wconf 89' lang='lat' dir='ltr'>parari</span> <span class='ocrx_word' id='word_1_229' title='bbox 1073 2502 1131 2581; x_wconf 89' lang='lat' dir='ltr'>pla·</span> 
     </span>
    </p>

    <p class='ocr_par' dir='ltr' id='par_1_11' title="bbox 125 2581 1131 2740">
     <span class='ocr_line' id='line_1_29' title="bbox 125 2581 1131 2658; baseline 0.006 -15"><span class='ocrx_word' id='word_1_230' title='bbox 125 2584 220 2650; x_wconf 76' lang='lat' dir='ltr'>acuit.</span> <span class='ocrx_word' id='word_1_231' title='bbox 243 2581 388 2643; x_wconf 87' lang='lat' dir='ltr'>Nabdalsa</span> <span class='ocrx_word' id='word_1_232' title='bbox 406 2581 443 2641; x_wconf 90' lang='lat' dir='ltr'>ad</span> <span class='ocrx_word' id='word_1_233' title='bbox 460 2582 620 2642; x_wconf 84' lang='lat' dir='ltr'>exercitum</span> <span class='ocrx_word' id='word_1_234' title='bbox 633 2581 792 2658; x_wconf 87' lang='lat' dir='ltr'>proiectus,</span> <span class='ocrx_word' id='word_1_235' title='bbox 811 2599 899 2658; x_wconf 89' lang='lat' dir='ltr'>quem</span> <span class='ocrx_word' id='word_1_236' title='bbox 918 2584 994 2644; x_wconf 90' lang='lat' dir='ltr'>inter</span> <span class='ocrx_word' id='word_1_237' title='bbox 1008 2584 1131 2648; x_wconf 88' lang='lat' dir='ltr'>hiberna</span> 
     </span>
     <span class='ocr_line' id='line_1_30' title="bbox 152 2664 1131 2740; baseline 0.005 -13"><span class='ocrx_word' id='word_1_238' title='bbox 152 2666 352 2727; x_wconf 84' lang='lat' dir='ltr'>Romanorum</span> <span class='ocrx_word' id='word_1_239' title='bbox 368 2665 464 2726; x_wconf 89' lang='lat' dir='ltr'>iussus</span> <span class='ocrx_word' id='word_1_240' title='bbox 481 2664 617 2733; x_wconf 88' lang='lat' dir='ltr'>habebat,</span> <span class='ocrx_word' id='word_1_241' title='bbox 634 2682 671 2725; x_wconf 94' lang='lat' dir='ltr'>ne</span> <span class='ocrx_word' id='word_1_242' title='bbox 685 2680 756 2740; x_wconf 84' lang='lat' dir='ltr'>ager</span> <span class='ocrx_word' id='word_1_243' title='bbox 770 2664 869 2725; x_wconf 88' lang='lat' dir='ltr'>inultis</span> <span class='ocrx_word' id='word_1_244' title='bbox 883 2665 1016 2727; x_wconf 87' lang='lat' dir='ltr'>hostibus</span> <span class='ocrx_word' id='word_1_245' title='bbox 1039 2682 1131 2732; x_wconf 79' lang='lat' dir='ltr'>vasta·</span> 
     </span>
    </p>

    <p class='ocr_par' dir='ltr' id='par_1_12' title="bbox 127 2746 1189 3505">
     <span class='ocr_line' id='line_1_31' title="bbox 127 2746 1154 2828; baseline 0.003 -16"><span class='ocrx_word' id='word_1_246' title='bbox 127 2757 244 2815; x_wconf 78' lang='lat' dir='ltr'>aretur.</span> <span class='ocrx_word' id='word_1_247' title='bbox 276 2749 303 2809; x_wconf 93' lang='lat' dir='ltr'>ls</span> <span class='ocrx_word' id='word_1_248' title='bbox 314 2757 468 2828; x_wconf 88' lang='lat' dir='ltr'>postquam</span> <span class='ocrx_word' id='word_1_249' title='bbox 479 2747 677 2826; x_wconf 85' lang='lat' dir='ltr'>magnitudine</span> <span class='ocrx_word' id='word_1_250' title='bbox 688 2746 825 2807; x_wconf 87' lang='lat' dir='ltr'>lacinoris</span> <span class='ocrx_word' id='word_1_251' title='bbox 838 2747 991 2824; x_wconf 91' lang='lat' dir='ltr'>perculsus</span> <span class='ocrx_word' id='word_1_252' title='bbox 1005 2752 1044 2811; x_wconf 92' lang='lat' dir='ltr'>ad</span> <span class='ocrx_word' id='word_1_253' title='bbox 1061 2765 1154 2817; x_wconf 80' lang='lat' dir='ltr'>tem-so</span> 
     </span>
     <span class='ocr_line' id='line_1_32' title="bbox 152 2829 1131 2912; baseline 0.002 -18"><span class='ocrx_word' id='word_1_254' title='bbox 152 2852 207 2912; x_wconf 91' lang='lat' dir='ltr'>pus</span> <span class='ocrx_word' id='word_1_255' title='bbox 228 2851 288 2893; x_wconf 94' lang='lat' dir='ltr'>non</span> <span class='ocrx_word' id='word_1_256' title='bbox 309 2835 386 2894; x_wconf 81' lang='lat' dir='ltr'>venit</span> <span class='ocrx_word' id='word_1_257' title='bbox 407 2839 560 2910; x_wconf 88' lang='lat' dir='ltr'>metusque</span> <span class='ocrx_word' id='word_1_258' title='bbox 578 2849 642 2891; x_wconf 90' lang='lat' dir='ltr'>rem</span> <span class='ocrx_word' id='word_1_259' title='bbox 662 2829 838 2908; x_wconf 89' lang='lat' dir='ltr'>inpediebat,</span> <span class='ocrx_word' id='word_1_260' title='bbox 859 2831 1022 2904; x_wconf 79' lang='lat' dir='ltr'>bomilcar,</span> <span class='ocrx_word' id='word_1_261' title='bbox 1045 2838 1131 2900; x_wconf 89' lang='lat' dir='ltr'>simul</span> 
     </span>
     <span class='ocr_line' id='line_1_33' title="bbox 152 2914 1130 2996; baseline 0.006 -19"><span class='ocrx_word' id='word_1_262' title='bbox 152 2917 275 2996; x_wconf 88' lang='lat' dir='ltr'>cupidus</span> <span class='ocrx_word' id='word_1_263' title='bbox 296 2918 411 2996; x_wconf 89' lang='lat' dir='ltr'>incepta</span> <span class='ocrx_word' id='word_1_264' title='bbox 433 2916 567 2995; x_wconf 90' lang='lat' dir='ltr'>patrandi</span> <span class='ocrx_word' id='word_1_265' title='bbox 587 2924 616 2976; x_wconf 90' lang='lat' dir='ltr'>et</span> <span class='ocrx_word' id='word_1_266' title='bbox 636 2914 741 2974; x_wconf 89' lang='lat' dir='ltr'>timore</span> <span class='ocrx_word' id='word_1_267' title='bbox 759 2917 821 2976; x_wconf 86' lang='lat' dir='ltr'>soci</span> <span class='ocrx_word' id='word_1_268' title='bbox 838 2918 949 2987; x_wconf 81' lang='lat' dir='ltr'>anxius,</span> <span class='ocrx_word' id='word_1_269' title='bbox 965 2935 1002 2979; x_wconf 94' lang='lat' dir='ltr'>ne</span> <span class='ocrx_word' id='word_1_270' title='bbox 1023 2924 1130 2984; x_wconf 84' lang='lat' dir='ltr'>omisso</span> 
     </span>
     <span class='ocr_line' id='line_1_34' title="bbox 151 2997 1130 3082; baseline 0.005 -20"><span class='ocrx_word' id='word_1_271' title='bbox 151 3010 249 3062; x_wconf 85' lang='lat' dir='ltr'>vetere</span> <span class='ocrx_word' id='word_1_272' title='bbox 271 3000 390 3061; x_wconf 91' lang='lat' dir='ltr'>consilio</span> <span class='ocrx_word' id='word_1_273' title='bbox 411 3019 517 3062; x_wconf 81' lang='lat' dir='ltr'>norom</span> <span class='ocrx_word' id='word_1_274' title='bbox 538 3007 709 3080; x_wconf 90' lang='lat' dir='ltr'>quaereret,</span> <span class='ocrx_word' id='word_1_275' title='bbox 731 2997 842 3061; x_wconf 88' lang='lat' dir='ltr'>litteras</span> <span class='ocrx_word' id='word_1_276' title='bbox 864 3002 901 3063; x_wconf 90' lang='lat' dir='ltr'>ad</span> <span class='ocrx_word' id='word_1_277' title='bbox 923 3020 989 3063; x_wconf 86' lang='lat' dir='ltr'>eum</span> <span class='ocrx_word' id='word_1_278' title='bbox 1008 3022 1062 3082; x_wconf 89' lang='lat' dir='ltr'>per</span> <span class='ocrx_word' id='word_1_279' title='bbox 1079 3006 1130 3068; x_wconf 91' lang='lat' dir='ltr'>bo·</span> 
     </span>
     <span class='ocr_line' id='line_1_35' title="bbox 151 3082 1130 3167; baseline 0.006 -21"><span class='ocrx_word' id='word_1_280' title='bbox 151 3088 245 3146; x_wconf 89' lang='lat' dir='ltr'>mines</span> <span class='ocrx_word' id='word_1_281' title='bbox 262 3082 356 3144; x_wconf 82' lang='lat' dir='ltr'>noetis</span> <span class='ocrx_word' id='word_1_282' title='bbox 378 3086 478 3156; x_wconf 88' lang='lat' dir='ltr'>mittit,</span> <span class='ocrx_word' id='word_1_283' title='bbox 503 3087 533 3146; x_wconf 91' lang='lat' dir='ltr'>in</span> <span class='ocrx_word' id='word_1_284' title='bbox 559 3085 622 3164; x_wconf 89' lang='lat' dir='ltr'>quis</span> <span class='ocrx_word' id='word_1_285' title='bbox 650 3082 800 3146; x_wconf 87' lang='lat' dir='ltr'>mollitiam</span> <span class='ocrx_word' id='word_1_286' title='bbox 826 3087 1049 3167; x_wconf 88' lang='lat' dir='ltr'>socordiamque</span> <span class='ocrx_word' id='word_1_287' title='bbox 1077 3092 1130 3152; x_wconf 80' lang='lat' dir='ltr'>viri</span> 
     </span>
     <span class='ocr_line' id='line_1_36' title="bbox 151 3169 1156 3253; baseline 0.004 -23"><span class='ocrx_word' id='word_1_288' title='bbox 151 3186 306 3237; x_wconf 88' lang='lat' dir='ltr'>accusare,</span> <span class='ocrx_word' id='word_1_289' title='bbox 323 3169 423 3229; x_wconf 90' lang='lat' dir='ltr'>testari</span> <span class='ocrx_word' id='word_1_290' title='bbox 438 3169 509 3230; x_wconf 88' lang='lat' dir='ltr'>deos</span> <span class='ocrx_word' id='word_1_291' title='bbox 523 3187 578 3249; x_wconf 90' lang='lat' dir='ltr'>per</span> <span class='ocrx_word' id='word_1_292' title='bbox 593 3186 667 3249; x_wconf 91' lang='lat' dir='ltr'>quos</span> <span class='ocrx_word' id='word_1_293' title='bbox 681 3170 841 3240; x_wconf 84' lang='lat' dir='ltr'>iuravisset,</span> <span class='ocrx_word' id='word_1_294' title='bbox 857 3188 978 3233; x_wconf 90' lang='lat' dir='ltr'>monere</span> <span class='ocrx_word' id='word_1_295' title='bbox 992 3190 1030 3233; x_wconf 86' lang='lat' dir='ltr'>ne</span> <span class='ocrx_word' id='word_1_296' title='bbox 1043 3192 1156 3253; x_wconf 78' lang='lat' dir='ltr'>prae-o</span> 
     </span>
     <span class='ocr_line' id='line_1_37' title="bbox 151 3252 1130 3331; baseline 0.006 -17"><span class='ocrx_word' id='word_1_297' title='bbox 151 3255 208 3314; x_wconf 92' lang='lat' dir='ltr'>mia</span> <span class='ocrx_word' id='word_1_298' title='bbox 228 3252 335 3315; x_wconf 81' lang='lat' dir='ltr'>metelli</span> <span class='ocrx_word' id='word_1_299' title='bbox 349 3254 378 3313; x_wconf 90' lang='lat' dir='ltr'>in</span> <span class='ocrx_word' id='word_1_300' title='bbox 399 3260 513 3329; x_wconf 91' lang='lat' dir='ltr'>pestem</span> <span class='ocrx_word' id='word_1_301' title='bbox 532 3261 731 3316; x_wconf 76' lang='lat' dir='ltr'>converteret:</span> <span class='ocrx_word' id='word_1_302' title='bbox 754 3253 911 3331; x_wconf 88' lang='lat' dir='ltr'>lugurtbae</span> <span class='ocrx_word' id='word_1_303' title='bbox 939 3257 1058 3318; x_wconf 84' lang='lat' dir='ltr'>exitium</span> <span class='ocrx_word' id='word_1_304' title='bbox 1080 3258 1130 3320; x_wconf 86' lang='lat' dir='ltr'>ad·</span> 
     </span>
     <span class='ocr_line' id='line_1_38' title="bbox 152 3336 1129 3417; baseline 0.004 -19"><span class='ocrx_word' id='word_1_305' title='bbox 152 3355 233 3398; x_wconf 87' lang='lat' dir='ltr'>essa:</span> <span class='ocrx_word' id='word_1_306' title='bbox 261 3345 391 3400; x_wconf 90' lang='lat' dir='ltr'>ceterum</span> <span class='ocrx_word' id='word_1_307' title='bbox 419 3353 510 3397; x_wconf 88' lang='lat' dir='ltr'>suane</span> <span class='ocrx_word' id='word_1_308' title='bbox 528 3354 566 3398; x_wconf 90' lang='lat' dir='ltr'>an</span> <span class='ocrx_word' id='word_1_309' title='bbox 586 3336 694 3400; x_wconf 87' lang='lat' dir='ltr'>bletelli</span> <span class='ocrx_word' id='word_1_310' title='bbox 717 3339 823 3401; x_wconf 84' lang='lat' dir='ltr'>virtute</span> <span class='ocrx_word' id='word_1_311' title='bbox 847 3341 970 3417; x_wconf 90' lang='lat' dir='ltr'>periret,</span> <span class='ocrx_word' id='word_1_312' title='bbox 989 3340 1019 3401; x_wconf 91' lang='lat' dir='ltr'>id</span> <span class='ocrx_word' id='word_1_313' title='bbox 1040 3341 1129 3404; x_wconf 93' lang='lat' dir='ltr'>modo</span> 
     </span>
     <span class='ocr_line' id='line_1_39' title="bbox 151 3420 1189 3505; baseline 0.008 -25"><span class='ocrx_word' id='word_1_314' title='bbox 151 3422 268 3497; x_wconf 90' lang='lat' dir='ltr'>agitari:</span> <span class='ocrx_word' id='word_1_315' title='bbox 301 3420 423 3501; x_wconf 90' lang='lat' dir='ltr'>proinde</span> <span class='ocrx_word' id='word_1_316' title='bbox 447 3429 596 3498; x_wconf 88' lang='lat' dir='ltr'>reputaret</span> <span class='ocrx_word' id='word_1_317' title='bbox 622 3439 688 3484; x_wconf 91' lang='lat' dir='ltr'>eum</span> <span class='ocrx_word' id='word_1_318' title='bbox 712 3423 810 3484; x_wconf 91' lang='lat' dir='ltr'>animo</span> <span class='ocrx_word' id='word_1_319' title='bbox 839 3441 907 3495; x_wconf 91' lang='lat' dir='ltr'>suo,</span> <span class='ocrx_word' id='word_1_320' title='bbox 935 3427 1065 3505; x_wconf 86' lang='lat' dir='ltr'>praemia</span> <span class='ocrx_word' id='word_1_321' title='bbox 1092 3444 1128 3487; x_wconf 85' lang='lat' dir='ltr'>an</span> <span class='ocrx_word' id='word_1_322' title='bbox 1188 3423 1189 3431; x_wconf 73' lang='grc'>’</span> 
     </span>
    </p>
   </div>
   <div class='ocr_carea' id='block_1_3' title="bbox 0 0 1194 3861">
    <p class='ocr_par' dir='ltr' id='par_1_13' title="bbox 0 0 1194 3861">
     <span class='ocr_line' id='line_1_40' title="bbox 0 0 1194 3861; baseline 0 0"><span class='ocrx_word' id='word_1_323' title='bbox 0 0 1194 3861; x_wconf 95' lang='lat' dir='ltr'> </span> 
     </span>
    </p>
   </div>
  </div>
 </body>
</html>
