2378 3864
166 178 206 239 20
281 197 323 239 nn
347 195 518 239 oanrmuxn
542 195 782 239 courruunxouu
805 194 831 237 e.
854 186 888 240 39
918 185 1033 240 11111.

165 343 306 414 licuisset,
330 345 399 422 quin
414 344 535 405 defessis
553 350 582 404 et
599 342 779 420 exanguibus
797 343 846 420 qui
860 342 926 421 plus
941 350 1041 420 posset
1052 344 1139 422 impe·

139 429 240 490 orium
257 433 343 507 atque
357 427 519 489 libertatem
534 434 729 505 extorqueret.
752 426 847 488 Fuere
861 435 958 487 tamen
973 432 1056 487 extra
1071 444 1136 487 con·

163 511 335 573 iurationem
351 510 514 588 conplures,
538 512 589 588 qui
606 510 642 571 ad
657 509 807 571 Catilinam
823 510 903 570 initio
921 508 1046 586 proiecti
1061 518 1134 571 sunt.

163 594 247 655 lueis
264 590 529 675 erat[A.]Fulvins,
548 595 691 655 senatoris
708 593 798 663 lilius,
817 611 904 672 quem
924 600 1086 655 retractum
1105 612 1136 655 ox

137 679 267 740 oitinere
287 694 395 756 parens
420 680 520 740 necari
547 679 638 738 iussit.
681 676 798 739 Eisdem
824 675 1007 754 temporibus
1028 677 1153 738 Romaet

164 761 313 829 Lentulus,
335 762 419 823 sicuti
438 761 558 822 Catilina
572 767 771 839 praeceperat,
794 777 994 838 quoscumque
1007 762 1137 822 moribus
1179 795 1181 865 q

164 850 214 905 aut
236 842 352 905 fortuna
368 846 451 905 novis
465 844 555 906 rebus
568 845 689 906 idoneos
706 842 857 913 credebat,
880 850 930 904 aut
945 846 1008 920 ipse
1024 852 1076 905 aut
1087 862 1137 923 per
1179 878 1181 883 ·

163 926 235 986 alios
251 925 432 998 sollicitabat,
449 946 546 1007 neque
561 927 654 988 solum
672 929 755 996 civis,
779 933 823 986 set
837 928 977 1006 cuiusque
995 928 1076 989 modi
1090 944 1137 1005 ge·

115 1016 154 1076 40
165 1027 221 1071 nus
235 1010 403 1082 hominum,
425 1011 503 1091 quod
518 1011 605 1073 modo
621 1010 698 1072 bello
712 1012 778 1071 usui
793 1010 878 1070 foret.
915 1011 1006 1086 igitur
1020 1010 1054 1070 P.
1071 1011 1136 1072 Um·

165 1093 258 1155 breno
271 1095 385 1157 cuidam
398 1097 548 1173 negotium
562 1095 618 1164 dat,
632 1096 673 1155 uti
684 1094 794 1170 legatos
806 1092 996 1170 Allobrogum
1009 1095 1161 1173 requiratn

164 1195 289 1257 eosque,
312 1181 337 1240 si
352 1181 451 1258 possit,
473 1179 593 1258 inpellat
613 1179 650 1238 ad
667 1179 834 1238 societatem
851 1176 938 1245 belli,
962 1178 1137 1239 existumans

163 1259 280 1338 publice
295 1265 488 1343 privatimque
503 1282 572 1325 aere
588 1262 681 1324 alieno
698 1261 867 1340 obpressos,
890 1268 1044 1339 praeterea
1062 1262 1137 1342 quod

163 1351 267 1407 natura
281 1362 354 1424 gens
369 1346 477 1411 Gallica
491 1346 628 1409 bellicosa
643 1353 732 1414 esset,
753 1344 838 1406 facile
853 1363 904 1405 eos
919 1345 955 1405 ad
970 1345 1027 1406 tale
1046 1347 1136 1406 consi·

138 1427 235 1493 elium
254 1430 358 1491 adduci
377 1449 472 1511 posse.
512 1431 692 1499 Umbrenus,
717 1429 794 1508 quod
818 1430 848 1490 in
864 1428 956 1492 Gabia
974 1431 1136 1506 negotiatus

164 1518 243 1583 erat,
265 1514 413 1595 plerisque
428 1515 609 1593 principibus
625 1515 781 1575 civitatium
796 1520 883 1574 notus
904 1519 967 1573 erat
982 1520 1071 1593 atque
1089 1529 1162 1574 eosn

162 1606 294 1659 noverat.
311 1597 411 1677 ltaque
425 1600 488 1659 sine
502 1615 594 1668 mora,
610 1597 662 1659 ubi
674 1599 802 1674 primum
817 1596 928 1675 legatos
942 1598 972 1657 in
987 1595 1053 1657 loro
1070 1615 1136 1657 con·

162 1683 270 1758 spexit,
293 1689 483 1759 percontatus
499 1697 591 1759 pauca
611 1681 648 1741 de
668 1686 744 1741 statu
761 1681 882 1741 civitatis
897 1689 926 1740 et
940 1681 1022 1759 qnasi
1036 1680 1136 1741 dolens

163 1764 224 1824 eius
242 1781 341 1826 casum
354 1767 507 1844 requirere
524 1767 628 1843 eoepit,
646 1782 733 1844 quern
748 1765 856 1826 exitum
872 1766 959 1825 tantis
974 1763 1058 1824 malis
1073 1782 1136 1844 spe-

135 1854 270 1916 3rarent.
292 1847 450 1928 Postquam
461 1847 524 1909 illos
535 1848 612 1910 videt
623 1849 707 1926 queri
721 1848 757 1908 dc
772 1849 888 1909 avaritia
904 1849 1134 1924 magistratuum,

161 1947 301 1994 accusare
314 1939 447 1997 senatum
468 1933 546 2012 quod
558 1933 589 1992 in
605 1950 639 1992 eo
654 1931 741 1992 auxili
757 1931 829 1993 nihil
844 1939 928 2000 esset,
943 1932 1069 1992 miseriis
1078 1932 1163 1992 subn

160 2014 323 2079 remedium
337 2023 463 2078 mortem
478 2023 646 2094 expectare,
665 2022 703 2075 ‘at
715 2015 779 2092 ego'
793 2017 886 2094 inquit
898 2015 997 2085 ‘robis
1013 2017 1037 2074 si
1051 2015 1136 2076 modo

161 2099 215 2159 riri
237 2117 300 2162 esse
322 2100 422 2170 voltis,
445 2101 586 2161 rationem
608 2099 778 2169 ostendam,
805 2117 861 2178 qua
883 2107 962 2158 tanta
987 2101 1041 2158 ista
1063 2097 1136 2159 mala

162 2182 326 2259 effugiatis!
359 2185 439 2245 llaec
452 2183 504 2252 ubi
526 2184 606 2253 dixit,
627 2182 800 2260 Allobroges
821 2185 851 2243 in
870 2200 1036 2243 maxumam
1055 2200 1137 2260 spem

161 2263 278 2326 adducti
284 2266 467 2328 Umbrenum
479 2283 574 2336 orare,
586 2273 620 2328 ut
629 2268 674 2328 sui
684 2267 888 2329 misereretur:
900 2265 972 2327 nibil
982 2273 1042 2325 mm
1055 2283 1136 2343 aspc-

162 2364 229 2407 rum
243 2366 339 2427 neque
355 2358 414 2408 tarn
431 2350 546 2412 dillicile
560 2368 638 2419 esse,
655 2350 734 2430 quod
747 2368 808 2411 non
823 2350 1017 2429 cupidissume
1032 2349 1164 2409 facturis

135 2438 271 2502 sessent,
299 2431 371 2493 dum
399 2450 432 2493 ea
453 2452 502 2494 res
523 2436 667 2496 ciuitatem
689 2453 756 2495 aere
778 2433 872 2495 alieno
894 2432 1041 2493 liberaret
1088 2432 1138 2493 llle

162 2531 211 2573 eos
226 2514 256 2573 in
272 2515 392 2581 domum
405 2517 439 2578 n.
456 2518 540 2580 Bruti
556 2519 700 2597 perducit,
723 2518 802 2596 quod
817 2516 881 2576 loro
895 2517 1059 2594 propinqua
1077 2524 1139 2577 erat

160 2613 257 2675 neque
272 2598 364 2662 aliena
380 2602 481 2662 consili
496 2609 618 2679 propter
634 2600 852 2677 Semproniam:
867 2615 935 2657 nam
951 2605 1013 2658 tum
1029 2598 1139 2660 Brutus

133 2677 196 2738 6ab
212 2676 305 2741 Roma
322 2683 433 2745 aberat.
473 2684 629 2744 Praeterea
649 2681 804 2744 Gabinium
817 2681 948 2747 accersit,
966 2698 1024 2756 quo
1044 2684 1139 2743 maior

161 2766 317 2827 auctoritas
344 2767 472 2829 sermoni
500 2768 616 2826 inesset.
664 2764 706 2824 Eo
729 2770 883 2840 praesente
907 2763 1165 2830 coniurationema

160 2847 269 2923 aperit,
292 2851 424 2909 nominat
437 2851 546 2918 socioS,
567 2855 719 2926 praeterea
736 2846 842 2908 multos
861 2847 1000 2923 cuiusque
1019 2852 1139 2921 generis

160 2929 302 3000 innoxios,
320 2950 378 3011 quo
393 2931 496 3010 legatis
510 2934 624 2994 animus
638 2930 761 3008 amplior
776 2937 862 2995 esset.
875 2929 989 2990 Deinde
1007 2947 1058 2989 eos
1072 2932 1138 3009 pol·

118 3010 254 3081 atlicitos
274 3033 395 3094 operam
417 3033 500 3077 suam
522 3017 643 3076 domum
663 3015 786 3075 dimittit.
826 3013 877 3076 Set
895 3012 1067 3090 Allobroges
1088 3016 1137 3077 diu

137 3096 192 3160 tin
214 3096 327 3159 incerto
348 3099 493 3170 habuere,
517 3099 656 3178 quidnam
678 3098 778 3159 consili
801 3104 947 3177 caperent.
990 3097 1024 3157 ln
1045 3098 1138 3160 altera

87 3219 97 3240 .
161 3186 245 3257 parte
268 3189 331 3243 erat
347 3201 397 3245 aes
413 3182 539 3244 alienum
560 3183 687 3245 sudium
702 3181 772 3244 belli
786 3198 891 3259 magna
912 3183 1070 3242 meroes-in
1085 3200 1166 3261 spen

162 3263 313 3337 victoriae,
333 3274 363 3328 at
375 3268 406 3328 in
421 3267 511 3329 altera
524 3269 650 3328 maiores
664 3283 734 3345 opes
748 3273 811 3328 tuta
824 3265 941 3328 consilia
956 3282 1010 3342 pro
1027 3267 1137 3327 incerta

137 3363 214 3425 tspe
232 3355 311 3411 certa
325 3354 463 3434 praemia.
495 3351 573 3413 llaec
591 3351 646 3412 illis
664 3349 845 3412 volventibus
866 3349 982 3410 tandem
997 3349 1063 3410 vicit
1079 3350 1137 3410 lor-

138 3435 233 3496 ttuna
247 3435 448 3517 reipublicae.
472 3436 573 3514 ltaque
588 3435 622 3507 Q.
638 3433 728 3495 Fabio
741 3433 863 3511 Sangae,
880 3434 962 3494 cuius
975 3436 1138 3510 patrocinio
