2378 3864
114 166 155 225 rt
259 177 302 219 nn
328 174 508 220 oarmrnen
523 172 772 221 contremuere
793 171 822 217 0·
843 165 888 224 to·
908 167 953 217 sta

88 337 275 393 tretraetum
297 331 422 392 aiebant.
454 330 481 390 Is
501 349 568 393 cum
588 350 619 393 se
638 331 748 393 diceret
762 333 1013 397 indicaturumrde
1025 355 1088 399 cau·

116 416 300 490 iurationem
320 415 392 475 tides
412 414 530 493 publica
545 415 610 476 data
625 421 709 484 esset,
732 417 832 478 iussus
846 434 863 477 a
877 418 1003 481 consule
1020 439 1088 499 quae

116 499 206 560 sciret
223 498 352 567 edicere,
376 498 477 559 eadem
496 497 558 559 lere
573 517 652 578 quae
669 497 841 566 Volturcius,
864 501 903 561 de
923 504 1033 578 paratis
1050 507 1088 566 ia-

117 582 226 644 cendiis
248 582 284 642 de
300 581 388 642 caede
404 580 551 642 bonorum
568 582 607 643 de
625 583 728 643 itinere
741 582 878 653 bostium,
893 591 1029 648 senabrm
1043 588 1088 649 dn

115 673 178 727 cet:
193 675 348 745 praeterea
363 682 395 726 se
411 666 531 726 missum
546 685 566 726 a·
577 665 614 725 bt
631 664 749 734 Crasso,
766 669 815 745 qui
828 665 969 730 Catilinae
980 672 1106 732 nuntie-a

116 758 175 820 ret,
196 767 234 810 ne
254 765 320 809 eum
338 747 477 810 Lentulus
499 757 530 811 ct·
545 749 698 827 Cethegus·
711 749 817 830 aliique
838 768 877 811 cn
893 753 1089 816 coniuratione

116 832 290 911 deprehensi
317 838 476 901 torrerent,
503 850 596 911 eoque
615 835 707 910 magis
731 841 904 911 properaret
925 836 963 896 ad
989 836 1089 898 urbem

115 916 268 983 adcedera‚
287 933 344 996 quo
362 923 391 976 et
408 923 574 978 ceterorum
590 918 707 976 animos⁴
718 917 859 979 reficeret
872 925 901 979 et
922 916 963 980 illi
983 919 1089 982 facilius
1127 922 1129 929 ’

90 998 278 1076 oepericulo
292 1001 485 1078 eriperentur.
519 999 570 1061 Set
583 999 633 1060 ubi
648 999 824 1078 Tanquinius
840 1000 985 1065 Crassum:
1001 1006 1088 1064 nomi·

114 1083 208 1153 navit,
231 1083 380 1144 bominem
396 1081 525 1144 nobilem
540 1084 684 1144 maxumis
706 1084 809 1144 divitiis
824 1101 944 1146 summa
954 1089 1113 1164 potandae

114 1165 160 1227 alii
183 1183 247 1227 rem
269 1165 478 1227 incredibilem·
493 1169 564 1236 rati,
587 1183 661 1244 pars¹
677 1169 792 1228 tamnu
813 1185 916 1230 aarum
937 1171 1089 1232 eristum

113 1249 199 1319 bant,
222 1257 320 1311 umen
338 1250 405 1328 qnia
429 1251 459 1311 in
479 1250 530 1310 tali
544 1258 678 1329 temporo
700 1257 779 1311 tanta
799 1251 982 1314 vis-bominis
1002 1255 1089 1332 magn

114 1333 251 1395 leniunda
272 1352 359 1414 quam
381 1334 551 1411 exagitanda
571 1333 738 1403 videbatur,
767 1333 900 1413 plerique
929 1335 1036 1398 Crasso
1057 1355 1089 1398 er

114 1419 237 1498 negotiis
259 1418 377 1496 privatis
398 1417 529 1488 obnoxii,
553 1417 734 1478 conclamant
748 1417 879 1479 indicem,
893 1417 1007 1481 laisum
1020 1438 1088 1490 esse,

89 1502 211 1582 adequc
235 1520 269 1563 ea
284 1520 317 1562 re
331 1499 479 1579 postulant
498 1503 541 1562 uti
561 1501 716 1562 referatur.
747 1501 851 1580 ltaque
862 1502 1034 1566 consulente
1048 1503 1114 1565 Ci-at

115 1603 223 1647 nerone
235 1585 375 1664 frequens
387 1592 505 1645 senatus
520 1585 664 1646 decernit:
679 1584 820 1663 Tarquini
833 1585 973 1647 indicium
988 1587 1089 1649 salsum

115 1669 216 1738 videri,
241 1686 366 1746 eumque
381 1670 410 1728 in
432 1667 554 1728 vinculis
572 1667 768 1738 reddendum,
786 1686 884 1747 neque
897 1669 1021 1748 amplius
1040 1689 1089 1750 po-

117 1757 250 1812 testatem
266 1750 440 1820 faciundam,
457 1752 512 1811 nisi
528 1751 564 1812 de
581 1769 616 1812 eo
630 1751 780 1823 indicarat,
797 1753 880 1814 cuius
894 1753 1016 1815 consilio
1030 1761 1089 1815 tan·

91 1842 174 1896 rtam
185 1853 249 1896 rem
266 1840 342 1896 esset
355 1835 502 1895 mentitus.
525 1835 616 1896 Erant
629 1852 664 1896 eo
674 1842 808 1915 tempore
819 1837 869 1915 qui
883 1838 1090 1899 existumarent

114 1918 253 1980 indicium
275 1917 376 1979 illude
396 1917 428 1978 P.
444 1917 585 1980 Autronio
603 1918 813 1989 machinatum,
838 1936 897 1998 quo
912 1919 1026 1982 iacilius
1043 1922 1115 1982 ad-ae

114 2001 220 2081 pellata
235 2001 340 2063 Crasso
357 2018 412 2080 per
430 2003 599 2064 societatem
616 2002 740 2080 periculi
755 2003 881 2064 rebcuns
898 2002 975 2065 illius
989 2013 1089 2084 poten-

92 2089 157 2148 etia
178 2091 303 2163 tegeret.
315 2084 374 2146 Alii
387 2085 580 2165 Tarquinium
597 2104 617 2147 a·
634 2083 776 2149 Cicerone
791 2088 951 2148 inmissum.
966 2089 1088 2156 aiebant,

115 2188 153 2232 ne
169 2168 291 2232 Crassus
303 2182 387 2230 more
403 2186 457 2230 suo
471 2175 607 2248 suscepto
622 2168 770 2230 melorum
782 2171 944 2249 patrocinio
959 2190 1025 2233 rem
1038 2190 1089 2251 pu·

90 2253 223 2316 ablicam
244 2252 443 2314 conturbaret.
466 2253 564 2332 lpsnm
585 2251 721 2314 erasnm
736 2269 791 2332 ego
804 2261 905 2333 postea
920 2256 1089 2332 praedican-

114 2343 175 2397 tem
189 2336 293 2405 audiri,
315 2342 425 2398 tantam
439 2334 517 2397 illam
532 2334 738 2398 contumeliam
759 2337 814 2397 sibi
835 2337 871 2398 ab
888 2336 1030 2400 Cicerone
1049 2341 1117 2399 ina

137 2421 249 2481 ositam

65 2439 135 2560 tilp
202 2503 252 2566 Set
264 2504 372 2566 eisdem
383 2503 564 2583 temporibus
576 2504 609 2576 Q.
623 2503 741 2563 Catulus
754 2511 783 2562 et
793 2503 826 2562 G.
840 2502 906 2560 Piso
917 2520 1014 2581 neque
1025 2523 1091 2583 pre·

117 2590 161 2647 cio
178 2604 273 2665 neque
290 2590 383 2664 gratia
405 2587 576 2648 Ciceronem
597 2584 737 2660 inpellere
756 2586 888 2660 quivere,
911 2587 954 2644 uti
975 2604 1029 2664 per
1044 2587 1091 2647 nl-

115 2669 255 2744 lobrogcs
281 2678 331 2730 aut
352 2670 441 2729 alium
462 2669 591 2728 indicem
612 2666 645 2726 G.
668 2665 775 2725 Caesar
794 2663 865 2723 falso
878 2668 1090 2730 nominaretur.

91 2750 192 2815 aNtm
208 2755 333 2829 uterque
354 2767 421 2810 cum
442 2747 491 2808 illo
513 2747 609 2824 gravis
629 2747 791 2806 inimicitias
810 2745 1001 2808 exercebant:
1024 2753 1119 2813 Pison

116 2831 302 2910 obpugnatus
322 2834 351 2892 in
373 2832 479 2892 iudicio
500 2828 692 2910 pecuniarum
712 2828 944 2906 repetundarum
969 2842 1093 2911 propter

118 2913 269 2975 cuiusdam
283 2909 485 2993 Transpadani
499 2911 673 2992 subplicium
685 2912 838 2983 iniustum,
860 2913 1029 2978 &lunser
1040 2937 1092 2997 pe·

117 2998 218 3059 titione
229 2999 412 3078 pontificatus
427 2999 494 3059 odio
509 3000 655 3066 incensus,
672 2996 750 3074 quod
767 3003 897 3059 exuema
911 3004 1013 3069 aetate,
1029 3020 1091 3062 ma·

117 3082 211 3142 rumis
237 3081 401 3143 honoribus
427 3098 514 3152 usus,
540 3081 576 3142 ab
606 3078 823 3141 adulescentulo
852 3079 976 3144 Caesare
999 3085 1091 3147 victus

93 3165 300 3229 sdiscesserat.
344 3166 402 3227 Res
420 3172 518 3228 autem
531 3171 700 3243 opportuna
712 3164 876 3237 ridebatur,
891 3166 975 3244 quod·
990 3168 1016 3227 is
1031 3171 1090 3247 pri·
1100 3191 1121 3232 aa

117 3251 204 3311 ratim
218 3250 335 3328 egregia
345 3249 525 3320 liberalitate,
537 3249 655 3328 publice
668 3249 811 3309 maxumis
820 3249 993 3310 muneribus
1004 3268 1090 3328 gran·

91 3334 187 3395 edem
197 3337 350 3413 pecuniam
363 3332 496 3394 debebat.
521 3333 572 3394 Set
581 3333 632 3394 ubi
643 3331 793 3394 consulem
807 3333 844 3394 ad
859 3339 970 3394 matum
981 3333 1092 3396 facinus

117 3418 257 3499 inpellere
289 3424 453 3499 nequeunt,
488 3418 542 3495 ipsi
574 3414 739 3493 singulatim
767 3417 976 3478 circumeundo
1006 3428 1091 3498 atque
