2378 3864
117 170 159 232 26
286 187 328 228 11
349 185 525 228 (11111111
548 185 791 232 111111111111
812 188 841 232 1.
866 182 911 234 51.

112 333 213 414 populi
225 335 348 396 Romani
364 333 468 412 opibus
484 341 629 405 creverat,
645 337 732 397 infida
750 343 778 397 et
792 337 915 398 advorsa
930 337 1018 400 nobis
1032 338 1090 409 suit,

113 426 158 480 set
171 426 325 499 postquam
345 418 422 479 bello
438 418 570 479 conlecto
591 419 627 479 de
641 419 762 480 Rhodiis
777 420 943 482 consultum
959 429 1012 491 est,
1035 440 1092 482 ma-

113 504 191 563 iores
201 505 303 572 nostri,
319 521 357 563 ne
374 503 438 580 quis
453 502 615 564 divitiarum
627 505 719 580 magis
747 520 834 580 11111
857 504 984 565 iniuriae
1007 522 1091 566 causa

86 584 224 653 obellum
237 588 386 665 inceptum
400 585 519 656 diceret,
537 587 684 665 inpunitos
698 604 749 647 eos
762 586 907 647 dimisere.
926 586 1001 648 Item
1012 587 1092 648 bellis

111 669 229 731 Punicis
247 669 390 739 omnibus,
407 687 474 730 cum
491 687 578 750 saepe
593 669 845 747 Carthaginienses
859 668 917 750 [et]
933 671 963 731 in
977 688 1051 747 pace
1065 678 1108 732 etr

111 771 166 834 per
183 754 314 814 inducias
328 751 419 813 multa
434 752 546 814 nefaria
561 755 689 814 facinora
705 753 851 824 fecissent,
863 771 1027 832 numquam
1041 755 1091 833 ipsi

111 856 166 918 per
185 837 368 897 occasionem
388 836 454 897 talia
472 837 587 898 iecere:
610 838 702 914 magis
720 837 789 916 quid
811 855 843 897 se
864 836 984 913 dignum
1008 838 1090 905 foret,

113 938 200 999 11111
217 921 287 998 quid
304 921 333 980 in
349 919 413 980 illos
427 922 491 982 iure
505 922 569 981 fieri
583 927 683 999 posset
696 919 886 999 quaerebant.

89 1027 103 1074 7
199 1003 261 1064 Hoc
276 1005 345 1064 item
360 1004 441 1065 vobis
456 1004 668 1083 providendum
685 1012 743 1074 est,
758 1011 857 1083 patres
871 1005 1041 1084 conscripti,
1057 1023 1092 1066 ne

113 1087 180 1167 plus
194 1088 272 1167 apud
292 1105 342 1147 vos
364 1086 457 1148 valeat
475 1087 508 1149 P.
531 1087 647 1148 Lentuli
665 1095 694 1149 11
712 1094 878 1149 ceterorum
894 1086 992 1150 scelus
1007 1102 1116 1167 quaml

113 1177 209 1231 vostra
231 1171 370 1249 dignitas,
399 1188 456 1232 neu
485 1173 577 1250 magis
594 1174 656 1233 irae
673 1178 788 1232 vostrae
805 1189 892 1250 quam
913 1172 1092 1234 111111111-

84 1254 220 1324 ssulatis.
242 1254 316 1316 Nam
331 1257 355 1317 si
372 1255 458 1334 digna
472 1272 566 1334 poena
577 1273 632 1335 pro
647 1257 730 1317 factis
746 1274 848 1317 eorum
863 1257 1028 1333 reperitur,
1042 1273 1092 1316 no·

114 1358 179 1400 vom
195 1338 346 1401 consilium
364 1339 510 1418 adprobo:
526 1341 570 1400 sin
584 1339 753 1417 magnitudo
768 1337 887 1400 sceleris
903 1340 1036 1400 omnium
1051 1342 1092 1401 in·

112 1425 197 1502 genia
210 1431 358 1502 exuperat,
377 1426 417 1484 eis
429 1424 570 1486 utendum
587 1441 701 1493 censeo,
718 1441 792 1502 quae
808 1421 922 1500 legibus
936 1430 1091 1501 conparata

85 1515 187 1574 91111.
230 1506 366 1586 Plerique
387 1526 505 1577 eorum,
533 1509 581 1586 qui
608 1514 674 1569 ante
696 1525 744 1568 me
767 1507 925 1567 sententias
947 1506 1119 1578 dixeruntr

113 1593 263 1671 conposite
279 1599 366 1669 atque
382 1592 536 1669 magnifice
551 1609 651 1652 casum
664 1593 707 1652 rei
719 1589 855 1669 publicae
869 1591 1000 1652 miserati
1011 1600 1092 1653 sunt:

112 1693 187 1754 quae
205 1673 274 1735 belli
297 1676 414 1735 saevitia
436 1681 526 1742 esset,
549 1692 624 1752 quae
644 1675 726 1735 victis
746 1674 922 1744 acciderent,
939 1691 1092 1738 enumera·

112 1775 197 1819 vere:
220 1759 284 1836 rapi
299 1758 426 1834 virgines
440 1775 564 1837 pueros,
587 1757 683 1819 divelli
695 1757 805 1819 liberos
820 1776 837 1818 a
852 1765 1009 1836 parentum
1025 1777 1091 1821 con·

111 1841 214 1920 plexu,
234 1847 346 1902 >matres
368 1841 544 1903 familiarum
565 1843 626 1921 pati
648 1861 724 1922 quae
743 1841 902 1902 victoribus
924 1841 1091 1905 conlubuis·

112 1932 185 1994 sent,
202 1925 269 1986 lana
285 1931 371 2005 atque
383 1926 485 1987 domos
495 1925 623 2005 spoliari,
640 1927 759 1987 caedem
773 1925 907 1986 incendia
922 1926 996 1997 fieri,
1012 1935 1118 2005 post-2⁰

73 2023 195 2075 torento
206 2011 294 2070 armis
311 2010 509 2080 cadaveribus,
531 2028 639 2072 cruore
649 2016 736 2089 atque
747 2008 828 2070 luctu
840 2011 936 2069 omnia
950 2011 1089 2090 conpleri.

113 2095 177 2163 Set,
201 2111 256 2173 per
277 2095 347 2155 deos
368 2093 545 2164 inmortalis,
571 2111 629 2173 quo
651 2093 699 2154 illa
718 2094 811 2154 oratio
833 2094 995 2171 pertinuit?
1047 2095 1089 2154 Au

112 2180 154 2238 uti
170 2195 221 2237 ros
238 2177 358 2238 infestos
375 2179 567 2244 coniurationi
581 2177 709 2238 laceret?
724 2176 835 2237 seilicet
848 2194 936 2256 quem
950 2195 1000 2238 res
1016 2186 1090 2240 tanta

72 2267 141 2321 1111
161 2267 221 2319 tam
243 2267 327 2321 atrox
345 2278 405 2320 non
423 2261 575 2338 permovit,
599 2279 666 2321 eum
681 2263 773 2322 oratio
789 2260 941 2320 adcendet.
971 2262 1035 2322 Non
1055 2264 1091 2322 ita

112 2349 165 2412 est,
179 2359 274 2421 neque
287 2344 423 2422 cuiquam
432 2343 599 2405 mortalium
610 2345 733 2406 iniuriae
745 2362 815 2405 suae
826 2361 934 2424 parvae
945 2346 1119 2406 videnturzu

111 2425 193 2487 multi
212 2441 260 2485 eas
283 2428 399 2502 gravium
418 2445 513 2507 aequo
528 2427 669 2490 habuere.
693 2429 745 2490 Set
758 2427 813 2488 alia
829 2427 890 2490 aliis
904 2427 1021 2489 licentia
1037 2437 1090 2498 111,

71 2516 211 2590 11111111
231 2511 397 2589 conscripti.
425 2510 481 2582 Qui
501 2512 617 2573 demissi
631 2514 660 2572 in
682 2511 810 2572 obscuro
831 2511 916 2569 vitam
931 2509 1051 2582 habent,
1067 2514 1092 2572 si
1115 2514 1118 2517 ’

111 2593 180 2672 quid
196 2592 345 2654 iracundia
366 2593 529 2673 deliquere,
553 2596 639 2672 pauci
653 2596 757 2662 sciunt,
776 2593 853 2653 fama
869 2598 957 2669 atque
973 2594 1092 2657 fortuna

22 2667 31 2682 ‘
111 2693 213 2737 eorum
234 2692 321 2752 pares
341 2684 422 2736 sunt:
445 2679 496 2755 qui
516 2693 623 2752 magno
636 2676 761 2754 imperio
772 2674 895 2753 praediti
916 2677 946 2734 in
975 2677 1092 2739 excelso

70 2771 101 2824 13
113 2764 235 2820 aetatem
257 2766 361 2836 agunt,
382 2777 485 2821 eorum
500 2759 575 2820 iacta
591 2762 688 2818 cuncti
702 2757 841 2818 mortales
856 2773 975 2818 novere.
1005 2759 1048 2820 lta
1063 2765 1123 2823 inu

108 2859 246 2902 maxuma
261 2841 380 2905 fortuna
401 2845 530 2904 minuma
544 2841 661 2903 licentia
683 2847 743 2903 est:
763 2859 860 2922 neque
881 2840 1001 2902 studere
1041 2862 1094 2907 ne-

70 2941 100 2992 14
112 2943 168 3005 que
189 2924 300 2996 odisse,
324 2936 369 2988 set
389 2929 518 2989 minume
537 2926 741 2987 irasci-decet:
764 2944 839 3005 quae
855 2926 933 3004 apud
949 2925 1020 2986 alios
1035 2929 1094 2989 ira·

111 3009 215 3070 cundia
231 3009 350 3080 dicitur,
372 3030 406 3073 ea
421 3013 450 3072 in
462 3012 585 3090 imperio
603 3009 741 3089 superbia
758 3016 845 3090 atque
865 3009 1023 3071 crudelitas
1041 3013 1092 3073 ad·

71 3092 243 3172 repellatur.
293 3093 436 3173 Equidem
465 3111 519 3173 ego
545 3097 588 3156 sic
614 3096 772 3164 existumo,
801 3101 901 3173 patres
922 3098 1091 3174 conscriptr,

110 3179 204 3238 omnis
226 3179 371 3239 cruciatus
392 3180 522 3240 minores
537 3197 627 3258 quam
649 3178 777 3240 lacinora
799 3178 917 3239 illorum
940 3195 1021 3239 esse:
1047 3188 1123 3242 seta

109 3261 241 3341 plerique
252 3262 390 3324 mortales
403 3269 550 3341 postrema
561 3264 731 3333 meminere,
745 3263 814 3323 etin
825 3261 994 3323 hominibus
1006 3264 1091 3342 inpiis

110 3344 229 3407 sceleris
248 3363 350 3408 eorum
370 3345 451 3408 obliti
473 3347 508 3409 de
523 3364 617 3426 poena
640 3347 796 3416 disserunt,
820 3347 844 3406 si
857 3364 891 3406 ea
905 3344 993 3424 paulo
1009 3365 1091 3408 sere·

108 3430 171 3491 rior
187 3429 249 3491 fuit.
609 3461 611 3465 ,
