2378 3864
115 143 156 206 tt
289 161 331 202 ou
352 160 454 203 neruo
476 158 676 204 woveruruo
700 157 726 201 c.
749 149 791 204 41.
814 150 858 203 42.
881 152 928 204 ta.

114 307 210 388 plebis
233 309 274 369 vis
295 307 389 369 soluta
411 315 497 388 atque
519 307 649 387 dispersa
666 308 696 367 in
717 305 902 369 multitudine
922 307 1022 368 minus
1044 325 1093 388 po·

89 399 199 454 lterat.
235 392 401 453 Paucorum
423 391 542 452 arbitrio
564 389 635 451 bebi
651 390 788 470 domique
803 389 982 468 agitabatur:
1006 409 1094 470 penes

24 478 29 493 '
116 477 234 538 eosdem
256 477 403 538 aerarium
416 476 584 552 provinciae
601 474 795 551 magistratus,
815 474 927 551 gloriae
941 475 1093 554 triumphi·

116 579 174 641 que
196 567 286 629 erant,
307 557 432 639 populus
453 557 553 619 militia
567 567 654 637 atque
673 559 769 636 inopia
790 558 991 635 urguebatur:
1012 577 1094 638 prae·

92 645 169 706 8das
197 643 316 705 bellicas
335 643 527 720 imperatores
556 660 622 703 eum
645 642 746 719 paucis
767 641 956 720 diripiebant:
981 642 1110 705 intereas

115 735 252 806 parentas
263 735 312 787 aut
324 727 406 804 parvi
419 724 504 787 liberi
517 725 650 795 militum,
662 726 705 786 uti
716 727 838 806 quisque
852 728 1012 803 potentiori
1027 745 1093 788 oon-

90 813 181 872 9tinis
203 817 274 878 erat,
295 808 414 870 sedibus
433 809 628 888 pellebantur.
672 807 715 870 lta
737 827 804 871 cum
825 812 954 888 potentia
979 812 1094 872 avaritia

116 897 179 955 sine
192 893 280 954 modo
294 893 492 971 modestiaque
508 893 654 963 invadere,
671 890 804 970 polluere
822 900 851 954 et
863 899 977 955 vastare
989 896 1093 964 omnia,

116 976 187 1038 nihil
204 978 286 1055 pensi
308 994 404 1056 neque
418 978 510 1037 sancti
525 975 650 1046 babere,
673 977 769 1055 quoad
788 979 961 1055 semetipsa
982 980 1093 1056 praeci·

75 1067 108 1119 to
117 1062 225 1141 pitavit.
248 1058 320 1120 Nam
331 1059 381 1120 ubi
392 1061 519 1136 primum
531 1078 566 1121 ex
576 1059 726 1120 nobilitate
736 1062 846 1140 reperti
857 1069 925 1122 sunt
935 1062 986 1140 qui
999 1079 1120 1123 veramn

117 1145 239 1223 gloriam
260 1144 383 1204 iniustae
404 1145 550 1221 potentiae
571 1152 797 1222 anteponerent,
816 1146 928 1205 moveri
947 1146 1048 1207 civitas
1070 1152 1096 1206 et

67 1223 107 1286 42
118 1229 259 1290 dissensio
278 1227 366 1288 civilis
388 1229 470 1306 quasi
488 1229 642 1306 permixtio
667 1235 764 1289 torrae
787 1230 858 1290 oriri
875 1230 980 1307 coepit.
1023 1229 1095 1291 Nam

116 1320 271 1393 postquam
285 1311 421 1373 Tiberius
439 1318 467 1372 et
480 1311 515 1372 G.
529 1310 688 1381 Gracchus,
704 1329 830 1391 quorum
844 1313 971 1372 maiores
985 1313 1094 1374 Punico

117 1406 203 1477 atquc
219 1395 282 1458 aliis
297 1395 381 1457 bellis
395 1394 519 1457 mtdtum
539 1397 582 1456 rei
599 1394 732 1472 publicae
749 1396 930 1465 addiderant,
948 1396 1094 1458 vindicare

115 1481 231 1560 plebem
252 1481 283 1541 in
304 1478 468 1541 libertatern
489 1487 518 1539 et
538 1497 700 1557 paucorum
719 1479 832 1540 scelera
846 1479 1014 1557 patefacere
1029 1493 1121 1541 coeit

115 1584 196 1644 pere,
221 1563 355 1626 nobilitas
370 1565 456 1623 noxia
473 1569 560 1642 atque
575 1580 610 1623 eo
627 1562 762 1640 perculsa
776 1562 864 1623 modo
878 1580 933 1641 per
950 1565 1047 1624 socios
1063 1582 1095 1625 ac

116 1667 223 1711 nomen
239 1649 382 1715 Latinum,
398 1646 545 1707 interdum
560 1663 615 1723 per
628 1647 740 1724 equites
754 1646 911 1717 Romanos,
935 1665 1009 1726 quos
1030 1665 1095 1726 spes

116 1733 288 1793 societatisa
302 1728 389 1807 plebe
403 1730 577 1799 dimoverat,
593 1728 795 1791 Gracchorum
806 1730 970 1792 actionibus
982 1731 1095 1793 obviam

116 1822 203 1884 rorat,
224 1822 253 1875 et
273 1815 368 1890 primo
390 1811 550 1882 Tiberium,
570 1813 636 1874 dein
657 1831 766 1893 paucos
785 1822 852 1893 post
878 1832 972 1875 annos
995 1816 1095 1877 cadem

116 1898 328 1974 ingredientem
338 1895 451 1965 Gaium,
465 1896 616 1957 tribunum
628 1896 761 1968 alterurn,
774 1898 897 1959 alterurn
911 1900 1121 1960 triumvirumn

118 1979 237 2043 coloniis
248 1978 444 2050 deducundis,
463 1998 529 2041 cum
540 1979 578 2040 Μ.
594 1980 696 2042 l'ulvio
712 1981 816 2043 Flacco
834 1981 914 2042 ferro
929 1991 1093 2044 necaverat.

92 2066 155 2126 alit
175 2083 245 2127 sane
266 2063 405 2128 Gracchis
426 2064 561 2142 cupidine
582 2065 719 2126 victoriae
741 2064 812 2126 baut
837 2067 905 2127 satis
926 2067 1095 2128 moderatus

91 2151 231 2210 aauirnus
243 2150 305 2210 luit.
340 2148 390 2210 Set
411 2147 489 2209 bono
505 2149 580 2210 vinci
593 2150 682 2210 satius
695 2158 738 2210 cst
753 2167 839 2228 quam
857 2149 934 2210 melo
952 2168 1038 2212 more
1052 2153 1095 2212 in·

92 2233 222 2294 aiuriam
238 2235 363 2294 vincere.
408 2231 500 2309 Igitur
515 2249 549 2295 ea
563 2234 682 2295 victoria
698 2233 834 2295 nobilitas
848 2251 884 2295 cx
898 2232 1029 2295 lubidine
1044 2253 1096 2296 sua

116 2333 169 2379 usa
186 2316 292 2379 multos
308 2315 438 2379 mortalis
453 2316 533 2379 terro
550 2324 600 2379 aut
614 2318 683 2395 iuga
698 2319 818 2379 extinxit
833 2317 957 2398 plusque
979 2319 1009 2378 in
1027 2318 1123 2380 reti-a

117 2419 185 2463 cum
199 2401 255 2462 sibi
269 2402 381 2463 timoris
398 2418 485 2480 quam
500 2403 647 2480 potentiae
662 2401 779 2462 addidit.
811 2401 950 2473 Quaeres
965 2400 1094 2479 plerum·

117 2504 175 2564 que
195 2503 315 2564 magnas
333 2487 461 2547 civitates
481 2486 703 2564 pessumdedit,
727 2485 796 2546 dum
812 2484 895 2545 alteri
910 2483 1018 2546 alteros
1035 2489 1096 2546 rin·

118 2588 186 2631 cere
210 2571 311 2648 quovis
330 2569 418 2630 mods
436 2577 465 2628 et
480 2570 571 2629 victos
584 2567 718 2629 acerbius
733 2567 835 2628 ulcisci
849 2566 957 2628 volunt.
992 2569 1044 2631 Set
1062 2570 1097 2631 de

117 2653 219 2713 studiis
238 2653 366 2730 partium
386 2659 415 2710 et
434 2652 528 2710 omnis
542 2651 662 2710 civitatis
676 2650 807 2709 moribus
823 2650 848 2707 si
862 2648 1030 2725 siugulatim
1047 2661 1097 2715 aut

118 2752 172 2811 pro
195 2733 393 2811 magnitudine
413 2748 514 2810 parem
535 2731 694 2799 disserere,
716 2737 831 2809 tempus
853 2748 939 2808 mam
962 2749 1012 2792 res
1032 2754 1125 2800 ma-ar

92 2818 211 2877 oturius
233 2834 280 2876 me
300 2816 423 2876 deserat.
468 2814 561 2884 Quam
584 2813 705 2874 obrem
727 2813 762 2873 ad
781 2816 929 2890 inceptum
950 2815 1053 2880 redco.

70 2899 111 2962 43
186 2899 256 2960 Post
266 2897 444 2960 Auliioedus
453 2899 659 2972 exercitusque
669 2897 764 2956 nostri
774 2896 889 2957 l'oedaun
900 2897 1043 2974 iugamQ.
1051 2901 1110 2965 Me

122 2979 207 3042 tellus
225 2989 254 3044 et
265 2983 303 3043 Μ.
317 2979 434 3043 Silanus
446 2978 581 3042 consules
597 2978 635 3039 de
649 2986 768 3040 senatus
784 2981 928 3040 sententia
944 2985 1111 3059 provincias

126 3067 203 3126 inter
218 3082 250 3126 sc
263 3065 448 3145 partirerant,
460 3061 635 3143 Metelloque
649 3061 783 3124 Numidia
799 3072 951 3135 evenerat,
967 3068 1030 3127 aori
1044 3071 1106 3129 viro

129 3157 157 3210 et
178 3166 352 3228 quamquam
374 3148 498 3209 advorso
518 3145 620 3227 populi
633 3147 760 3224 partium
779 3147 856 3209 sarna
876 3156 975 3210 tamen
998 3167 1129 3232 aequa-tt

103 3233 179 3294 abili
207 3241 235 3294 ot
256 3232 398 3294 inviolata.
449 3231 479 3292 ls
499 3231 550 3292 ubi
571 3232 700 3310 primum
726 3233 927 3312 magistratum
956 3234 1106 3311 ingressus

130 3325 187 3388 est,
211 3316 266 3378 alia
283 3318 379 3378 omnia
400 3315 455 3377 sibi
477 3334 545 3377 curn
566 3313 688 3393 conlega
709 3323 804 3386 ratus,
828 3315 864 3377 ad
884 3315 1008 3388 bellum,
1028 3321 1106 3397 quod

103 3409 265 3478 agesturus
280 3409 351 3474 crat,
366 3401 494 3462 animum
509 3399 640 3461 intendit.
661 3398 754 3477 Igitur
770 3399 903 3461 diffidens
916 3402 1006 3462 reteri
1023 3422 1106 3465 excr-
