2378 3864
235 169 278 210 nn
295 169 397 212 nomo
414 169 614 216 nevernum
631 170 661 214 o.
677 165 736 220 lot
752 164 812 220 104.
829 167 887 220 loo.
993 155 1053 220 103

65 325 118 381 aut
134 315 216 379 utilia
231 325 282 379 aut
294 317 506 381 benivolentiae
529 338 593 384 esse
613 319 787 394 credebant,
811 325 942 386 oratione
961 325 1053 386 extol·

64 402 149 464 lunt:
171 400 237 464 dein
253 400 333 464 Sulla
350 404 447 464 omnia
459 403 588 482 pollicito
605 408 698 477 docti,
720 425 778 488 quo
793 409 881 470 modo
899 409 978 487 apud
992 409 1052 471 lla·

65 488 161 554 rium,
176 487 246 548 item
261 487 340 566 apud
355 494 488 551 senatum
503 489 592 553 rerba
607 491 754 563 lacerem,
771 493 888 554 circiter
902 493 964 556 dies
981 513 1051 574 qua·

65 571 202 650 draginta
222 569 331 632 ibidem
352 573 534 652 operiuntur.

36 678 53 717 o
147 647 260 716 ttntm
274 653 325 716 nbi
341 656 450 717 inlecto
467 660 546 736 quod
556 659 722 723 intenderat
731 663 849 739 negotio
861 661 968 724 Cirtam
986 665 1100 727 re·10‹l

64 738 121 800 dllt
136 745 166 799 et
181 739 218 801 de
232 737 360 800 adventu
380 740 544 820 legatorum
568 745 676 807 certior
697 745 791 808 iactos
813 753 866 824 est,
881 745 1004 830 illosque
1022 759 1052 812 et

65 818 178 884 Sullam
201 824 237 885 ad
259 825 372 886 Uticam
386 826 486 887 venire
506 828 597 898 lubet,
619 829 689 889 item
706 828 739 890 L.
763 829 915 893 bollenum
931 840 1050 914 praeto·

63 922 148 976 rem,
177 913 330 988 praeterea
350 910 444 969 omnis
465 910 596 992 undique
617 914 756 974 senatorii
780 915 905 986 ordinis,
929 915 1049 996 quibus·

60 1012 132 1056 eum
148 993 287 1055 mandata
307 993 418 1056 bocchi
438 997 600 1074 cognoscit.
643 996 762 1077 Legatis
780 1006 911 1078 potestas
932 999 1085 1062 Romamn
1149 1067 1154 1071 ,

36 1077 153 1140 oeundi
175 1077 209 1140 ht
230 1077 267 1138 ab
290 1077 425 1149 consule,
449 1080 563 1139 interea
584 1080 722 1143 induciae
743 1080 981 1163 postulabantur.
1014 1084 1056 1148 lla

66 1161 167 1224 Sullae
185 1168 214 1223 et
228 1160 376 1242 plerisque
392 1160 650 1241 placueretpauoi
663 1163 791 1224 lerocius
807 1164 979 1237 decernunt,
995 1169 1053 1228 sci·

65 1245 135 1308 licet
156 1247 251 1324 ignari
272 1263 372 1307 rerum
386 1244 598 1316 humanarum,
621 1262 696 1325 quae
710 1245 807 1308 fluxae
830 1255 860 1309 et
880 1249 1004 1311 mobiles
1022 1253 1053 1311 in

66 1329 192 1391 advorsa
213 1345 329 1407 semper
351 1336 511 1391 mutantur.
550 1330 686 1391 Ceterum
705 1327 800 1392 llauri
818 1333 970 1412 inpetratis
988 1347 1078 1398 omo

65 1412 155 1475 nibus
170 1420 232 1474 tres
252 1411 377 1474 Romam
398 1412 524 1493 proiecti
546 1420 616 1475 sunt
634 1431 701 1475 cum
716 1414 771 1475 Gn.
789 1413 907 1477 Octauo
921 1416 1051 1488 Rusone,

36 1499 119 1577 oqui
136 1504 275 1576 quaestor
289 1495 466 1577 stipendium
483 1499 513 1558 in
532 1497 661 1560 Africam
678 1505 855 1576 portaverat,
873 1500 932 1561 duo
947 1501 984 1562 ad
1004 1519 1051 1562 re·

66 1599 136 1660 gem
155 1580 289 1643 redeunt.
333 1581 378 1642 llx
397 1582 438 1642 eis
451 1581 587 1644 Bocchus
609 1600 676 1643 cum
698 1589 805 1652 cetera,
827 1591 891 1644 tum
914 1603 1052 1647 maxume

66 1666 277 1745 benignitatem
296 1672 325 1727 et
339 1666 468 1727 studium
484 1665 581 1728 Sullae
599 1665 705 1728 lubens
719 1668 840 1746 accepit.
880 1667 1077 1750 Romaequea

65 1752 170 1830 legatis
191 1751 269 1822 elus,
290 1756 445 1831 postquam
467 1767 582 1812 enasse
603 1768 705 1830 regem
720 1757 750 1812 et
764 1751 924 1830 Iugurthae
939 1752 1053 1815 scelere

64 1834 183 1914 lapsum
198 1833 347 1915 deprecati
368 1840 452 1921 sunt,
475 1836 630 1896 amicitiam
652 1843 682 1898 et
698 1836 802 1898 loedus
814 1835 983 1918 petentibus
994 1837 1053 1900 hoc

37 1919 156 1980 eomodo
170 1919 382 1999 respondetur:
396 1918 531 1982 ‘Senatus
545 1927 574 1980 et
590 1919 717 1999 populus
727 1919 878 1982 Romanus
892 1921 1008 1984 beniflei
1024 1929 1054 1984 et

65 2005 190 2066 iniuriae
206 2019 321 2064 memor
338 2019 401 2064 esse
416 2001 500 2066 solet.
535 2003 671 2066 Ceterum
685 2005 813 2073 Boccho,
831 2007 970 2084 quoniam
983 2024 1052 2085 pae-

65 2088 148 2157 nitet,
167 2085 265 2148 delicti
277 2087 400 2164 gratiam
412 2088 497 2149 lacit:
514 2088 617 2149 loedus
628 2095 657 2148 et
669 2090 794 2149 amicitia
813 2087 970 2158 dabuntur.
984 2108 1061 2221 cum

65 2171 230 2233 meruerit'

152 2253 264 2326 Quibus
274 2253 365 2316 rebus
377 2254 645 2332 cognitisbocchus
655 2272 710 2335 per
722 2253 862 2317 htlerasa
876 2254 968 2319 llario
983 2255 1103 2336 pe·105

37 2343 180 2411 stiverat,
194 2340 237 2400 uti
258 2339 295 2400 ad
316 2356 348 2400 se
368 2340 497 2400 mitteret
513 2337 634 2408 Sullam,
655 2340 738 2401 ouius
758 2339 900 2402 arbitratu
916 2340 953 2402 de
971 2359 1051 2403 com·

64 2422 206 2488 munibus
227 2423 351 2503 negotiis
372 2421 585 2484 consuleretur.
631 2423 659 2484 ls
680 2424 786 2485 missus
812 2441 880 2485 cum
906 2426 1078 2504 praesidius

66 2509 199 2588 equitum
211 2514 298 2588 atque
312 2505 467 2589 [peditum
479 2505 564 2587 item]
578 2506 758 2568 lunditorum
772 2505 956 2569 Balearium:
967 2526 1053 2587 prae·

66 2602 149 2655 terea
168 2593 231 2654 iere
249 2593 389 2670 sagittarii
404 2598 433 2652 et
455 2592 562 2652 cohors
576 2591 713 2669 Paeligna
733 2607 801 2653 oum
823 2589 991 2652 velitaribus
1005 2611 1053 2652 ar·

66 2678 139 2747 mis,
161 2676 273 2737 itineris
293 2675 473 2756 properandi
486 2693 603 2746 caussa,
619 2694 716 2756 neque
730 2678 772 2737 eis
785 2692 872 2737 secus
887 2682 976 2754 atque
990 2673 1054 2737 aliis

38 2762 158 2823 earnis
178 2758 320 2824 advorsus
339 2759 397 2822 tela
418 2759 545 2822 hostium
572 2759 666 2841 [quod
688 2778 721 2822 ea
743 2759 817 2822 levia
834 2755 917 2840 sumt]
938 2760 1052 2821 muniti.

66 2845 119 2907 Set
129 2846 159 2905 in
171 2845 275 2907 itinere
288 2846 389 2923 quinto
401 2845 527 2925 denique
541 2845 587 2906 die
599 2843 701 2914 Volux,
714 2843 790 2905 lilius
801 2840 919 2913 Bocchi,
930 2850 1079 2924 repentes

65 2934 97 2991 in
119 2928 230 3009 campis
250 2927 418 3009 patentibus
433 2947 499 2993 cum
522 2928 601 2989 mile
614 2946 673 2988 non
688 2928 813 3008 amplius
827 2926 974 3006 equitibus
988 2945 1053 2989 sese

66 3011 208 3084 osendt,
228 3013 282 3093 quoi
297 3020 409 3076 temere
430 3017 460 3076 et
474 3013 565 3076 effuse
581 3022 683 3075 euntes
698 3009 795 3074 Sullae
817 3008 938 3092 aliisque
959 3013 1052 3072 omni·

65 3096 125 3159 bus
134 3104 165 3157 et
179 3112 337 3159 nummum
347 3114 418 3159 rero
436 3095 609 3175 ampliorem
623 3104 653 3158 et
666 3095 802 3159 hostilem
817 3101 929 3158 metium
943 3094 1052 3156 efficie-

38 3180 148 3245 obant
172 3180 264 3259 lgitur
277 3199 309 3243 se
324 3181 447 3262 quisque
459 3180 615 3260 expedire,
627 3199 708 3241 mma
722 3187 810 3262 alque
823 3178 880 3240 tela
908 3187 1079 3258 templares

65 3263 237 3327 intendere:
248 3267 336 3326 hmor
350 3263 528 3345 aliquantum,
544 3272 590 3326 set
604 3281 673 3344 spes
685 3263 824 3343 amplior,
841 3263 950 3343 quippe
963 3261 1053 3322 victo·

64 3348 151 3410 rbus
168 3356 198 3410 et
211 3348 352 3412 advorsus
372 3366 514 3429 eosquos
530 3366 619 3429 saepe
632 3351 772 3411 vicerant.
804 3346 926 3407 Interim
942 3346 1080 3424 equitcso

64 3432 251 3511 exploratum
263 3436 415 3515 praemissi
426 3452 500 3504 rem,
512 3433 555 3494 uti
566 3439 638 3506 erat,
650 3435 778 3516 quietam
787 3430 931 3492 nuntiant.
944 3427 1039 3490 Volux
1048 3425 1108 3490 too
