2378 3864
216 184 259 224 nn
282 182 455 226 curramus
479 182 719 227 courvnnrroun
743 184 770 226 u.
789 176 833 228 20.
853 176 895 230 21.
971 161 975 169 ¹
1005 170 1040 230 11

65 333 169 411 ltaque
184 332 278 392 omnis
291 333 384 408 gratia
397 331 541 410 potentia,
561 331 656 392 honos
673 331 786 393 divitiae
803 333 882 410 apud
897 331 962 395 illos
976 339 1070 395 sunta

65 423 117 478 aut
130 414 182 475 ubi
196 413 237 475 illi
250 414 365 476 volunt:
380 415 465 476 nobis
482 414 630 495 reliquere
640 414 771 494 pericula
782 415 924 493 repulsas,
937 415 1042 478 iudicia

64 505 235 576 egestatem.
264 499 347 570 Quae
369 517 427 578 quo
449 515 542 578 usque
563 500 682 561 tandem
697 500 860 578 patiemini,
883 498 1069 563 fortissumis

63 583 135 645 viri?
157 599 256 642 nonne
271 583 364 642 emori
376 600 431 660 per
447 583 583 644 virtutem
597 589 734 662 praestat,
750 601 839 663 quam
853 584 939 644 vitam
955 583 1042 644 mise·

40 684 129 727 aram
145 672 234 744 atque
249 665 442 732 inhonestam,
461 666 512 726 ubi
527 666 638 728 alienae
651 667 807 745 superbiae
828 665 954 728 ludibrio
977 665 1042 726 fue·

61 752 119 819 ris,
144 766 200 826 per
221 749 349 810 dedecus
369 751 521 811 amittere?

148 832 258 894 Verum
272 836 430 903 enimvero,
442 851 497 912 pro
509 834 597 895 deum
607 839 694 912 atque
707 833 859 895 hominum
868 834 966 901 fidem,
982 833 1084 896 ric-10

63 919 138 979 toria
153 917 185 976 in
199 933 288 976 manu
307 917 393 977 nobis
409 924 467 986 est,
489 918 566 993 viget
580 924 675 986 aetas,
700 919 814 978 animam
827 917 915 978 valet:
939 922 1041 977 contra

61 1000 119 1062 illis
133 1001 218 1061 annis
233 1006 320 1078 atque
335 1001 438 1062 divitiis
453 1002 549 1061 omnia
564 1009 791 1062 consenuerunt.
815 1001 942 1063 'lantum
952 1000 1040 1060 modo

26 1086 180 1162 reincepto
202 1100 276 1161 opus
297 1091 355 1153 est,
377 1093 475 1146 cetera
496 1102 545 1146 res
566 1085 708 1162 expediet.
745 1084 861 1146 Etenim
881 1086 1080 1164 quismor·11

60 1167 178 1236 talium,
200 1169 247 1228 cui
260 1167 342 1229 virile
357 1169 507 1246 ingenium
522 1175 574 1238 est,
590 1167 718 1229 tolerare
732 1176 837 1247 potest,
856 1167 911 1229 illis
929 1169 1040 1229 divitias

60 1269 214 1330 superare,
235 1269 308 1332 quas
321 1251 502 1330 profundant
515 1254 545 1313 in
561 1252 743 1315 extrudendo
757 1254 833 1312 mari
846 1258 876 1313 et
890 1250 1040 1313 montibus

67 1334 279 1414 coaequandis,
306 1336 392 1397 nobis
418 1353 483 1396 rem
506 1335 679 1396 familiarem
703 1337 790 1396 etiam
818 1335 855 1397 ad
875 1336 1040 1397 necessaria

61 1418 184 1480 deesse?
205 1418 270 1479 illos
283 1419 367 1480 binas
380 1426 431 1480 aut
447 1418 571 1498 amplius
585 1420 687 1479 domos
702 1420 883 1485 continuare,
898 1417 984 1479 nobis
997 1418 1039 1478 la·

24 1520 127 1566 aorem
144 1502 316 1564 familiarem
337 1520 483 1582 nusquam
503 1501 596 1563 ullum
612 1503 692 1564 esaei
729 1501 803 1564 Cum
822 1500 937 1563 tabulas
957 1503 1040 1578 signa
1049 1511 1082 1563 12

59 1594 226 1648 toreumata
247 1593 364 1656 emunt,
389 1604 464 1647 nova
487 1586 608 1647 diruunt
634 1585 688 1646 alia
708 1585 869 1655 aedificant,
891 1592 1040 1664 postremo

60 1671 198 1731 omnihus
220 1671 314 1731 modis
334 1672 490 1749 pecuniam
509 1671 631 1732 trahunt
651 1677 771 1738 vexant,
801 1678 899 1731 tamen
926 1687 1040 1729 summa

59 1753 191 1816 lubidine
206 1755 319 1815 divitias
339 1771 407 1815 suas
422 1755 541 1815 vincere
555 1761 714 1832 nequeunt.
745 1755 782 1814 lt
798 1752 884 1814 nobis
899 1761 943 1814 est
959 1753 1038 1815 domi
1049 1761 1081 1812 13

60 1839 169 1917 iuopia,
191 1838 264 1898 foris
279 1855 329 1899 aes
344 1839 486 1899 alienum:
505 1837 581 1898 mala
601 1856 665 1907 res,
688 1855 755 1916 spes
776 1836 868 1898 multo
892 1838 1039 1915 asperior:

24 1922 197 2001 ardentique,
217 1923 287 2003 quid
303 1921 408 1983 relicui
428 1921 571 1982 hahemus
590 1929 709 1999 praeter
730 1923 868 1983 miseram
891 1921 1037 1982 animanst

145 2005 221 2075 Quin
241 2007 330 2082 igitur
352 2006 596 2084 expergiscimini.
625 2006 670 2066 En
686 2005 742 2074 illa,
764 2005 812 2065 illa
844 2022 932 2082 quam
948 2021 1036 2082 saepe
1047 2013 1080 2064 lt

59 2091 180 2167 optastis
211 2088 346 2159 libertas,
364 2096 518 2168 praeterea
536 2088 657 2151 divitiae.
673 2089 763 2150 decus
784 2088 876 2165 gloria
895 2089 925 2148 in
947 2087 1038 2148 oculis

58 2176 112 2234 sita
132 2180 216 2233 sunt:
238 2172 356 2234 fortuna
371 2173 468 2234 omnia
483 2191 518 2234 ea
534 2173 694 2234 victoribus
708 2173 836 2251 praemia
854 2172 960 2249 posuit.
980 2169 1038 2230 Res
1049 2182 1081 2233 15

58 2264 186 2333 tempus,
201 2256 333 2333 pericula
352 2263 475 2334 egestas,
490 2255 559 2318 belli
572 2255 664 2334 spolia
680 2255 834 2333 magnifica
846 2256 938 2332 magis
950 2271 1038 2332 quam

20 2340 154 2402 sacratio
181 2356 246 2399 mea
270 2357 323 2398 ros
343 2339 509 2400 hortantur.
539 2338 592 2398 Vel
613 2341 792 2417 imperatore
814 2338 859 2401 vel
878 2338 968 2399 milite
989 2356 1038 2399 me
1047 2353 1080 2403 16

57 2424 190 2485 utimini:
212 2438 309 2500 neque
324 2423 455 2491 annuus,
475 2439 572 2500 neque
586 2439 721 2500 corpusa
736 2422 817 2483 vobis
831 2421 934 2482 aberit.
958 2421 1038 2481 llaec
1047 2437 1079 2488 17

58 2509 136 2586 ipsa,
160 2513 193 2566 ut
213 2522 316 2583 spero,
338 2505 489 2566 vobiscum
510 2521 570 2565 una
586 2504 695 2565 ‘consul
708 2521 807 2580 agam,
823 2505 880 2564 nisi
894 2504 971 2564 lortc
989 2521 1037 2564 me

58 2592 174 2650 animus
206 2588 279 2650 iallit
305 2595 335 2649 et
354 2606 405 2649 vos
425 2589 536 2650 servire
564 2588 656 2664 magis
678 2605 766 2665 quam
782 2590 930 2667 imperare
943 2587 1037 2664 parati
1099 2617 1108 2632 ·

59 2676 161 2734 estis.“
577 2718 579 2722 .

18 2781 49 2823 aa
121 2767 124 2772 ’
143 2755 301 2834 Postquam
322 2774 463 2835 accepere
478 2774 513 2818 ea
526 2756 675 2825 homines,
697 2753 804 2834 quibus
823 2755 898 2816 mala
921 2754 1037 2815 abunde
1048 2765 1085 2828 21

58 2841 157 2901 omnia
172 2846 274 2907 erant,
298 2848 343 2900 set
357 2857 453 2920 neque
466 2858 515 2902 res
533 2857 630 2917 nequo
645 2856 712 2917 spes
728 2838 807 2899 bona
828 2838 902 2908 ulla,
924 2838 1039 2899 tametsi
1059 2885 1061 2892 ,

56 2924 114 2986 illis
129 2925 226 3005 quieta
241 2941 359 2984 morere
376 2942 482 3001 magna
497 2930 614 2986 merces
632 2922 800 2992 ridebatur,
818 2930 916 2984 tamen
937 2928 1038 3000 postu·

56 3007 156 3069 lavere
176 3006 328 3086 plerique,
354 3014 389 3067 ut
405 3014 594 3086 proponeret,
618 3025 694 3087 quae
714 3006 840 3068 conditio
859 3005 930 3068 belli
952 3006 1037 3074 leret,

57 3109 133 3170 quae
147 3092 277 3170 praemia
296 3094 382 3152 armis
394 3098 538 3169 peterent,
557 3092 627 3170 quid
641 3090 751 3170 ubique
765 3091 829 3169 opis
843 3098 893 3152 aut
910 3090 973 3168 spei
986 3088 1038 3149 ha·

19 3173 175 3242 ruberent.
208 3174 284 3236 Tum
308 3173 427 3235 Catilina
447 3173 580 3253 polliceri
599 3173 714 3236 tabulas
728 3172 1065 3252 novas,-proscriptio·2

56 3277 127 3320 nem
142 3257 348 3336 locupletium,
369 3259 556 3336 magistratus
573 3257 736 3319 sacerdotia
750 3260 884 3337 rapinas,
905 3255 960 3316 alia
975 3272 1038 3315 om·

56 3344 124 3412 nia,
147 3360 222 3422 quae
243 3341 354 3403 bollum
374 3349 461 3422 atque
481 3342 582 3404 lubido
605 3343 749 3404 victorum
774 3340 841 3402 fert.
882 3338 1065 3407 Praetereaa

56 3442 123 3488 esse
133 3427 163 3486 in
174 3425 311 3506 Hispania
324 3428 459 3489 citeriore
473 3426 618 3497 Pisonem,
633 3428 664 3488 in
677 3425 857 3488 Mauretania
872 3439 940 3484 cum
954 3439 1039 3484 exer-
