2384 3864
122 186 163 246 52
297 206 339 246 nn
359 205 463 248 nanno
485 205 685 248 rvorurxnuo
709 203 738 246 o.
757 196 802 248 aa.
824 196 868 251 23·
891 196 926 247 24

94 355 249 416 tanimum
271 371 358 414 suurn
371 354 507 415 iniuriam
530 354 627 413 minus
648 351 792 414 tolerare:
813 351 1012 415 Adherbalem
1033 354 1109 416 dolis

120 439 195 499 ritae
217 455 289 499 suae
309 438 490 498 insidiatum:
517 437 596 516 quod
618 436 669 497 ubi
691 438 886 516 conperisset,
915 435 1022 498 sceleri
1043 440 1107 500 eius

120 522 234 582 obviam
256 523 328 583 isse:
358 520 500 600 populum
521 520 687 581 Romanum
708 538 806 599 neque
827 527 909 582 reete
930 538 1029 600 neque
1049 540 1107 601 pro

118 605 198 666 bono
210 607 366 674 iacturum,
383 607 408 666 si
420 604 456 666 ab
466 607 531 667 iure
545 606 674 682 gentium
688 622 754 665 sese
768 603 967 682 prohibuerit:
989 612 1107 683 postre-

118 709 167 750 mo
183 690 219 750 de
242 689 378 750 omnibus
392 689 482 750 rebus
499 688 610 766 legatos
628 688 751 749 Romam
766 687 848 749 brevi
861 687 1042 750 missurum!
1062 688 1126 752 itas

92 776 235 852 sacrique
250 773 462 851 digrediuntur.
488 771 661 834 Adherbalis
676 771 840 850 adpellandi
855 774 938 850 eopia
958 790 1019 833 non
1042 774 1104 834 luit.

71 856 110 918 23
203 856 345 936 Iugurtha
372 856 424 919 ubi
448 875 499 918 eos
526 857 624 918 Africa
648 857 808 918 decessisse
835 863 918 917 ratus
942 864 987 918 est
1007 875 1106 936 neque

119 949 242 1021 propter
256 941 313 1003 loci
330 948 466 1004 naturam
481 941 589 1003 Cirtam
604 942 693 1002 armis
710 957 881 1020 expugnare
894 948 1005 1020 potest,
1030 940 1105 1002 rallo

119 1033 207 1106 atque
222 1025 300 1087 fossa
315 1027 430 1088 moenia
448 1025 623 1096 circumdat,
640 1026 730 1087 turris
744 1026 852 1085 extruit
868 1042 977 1104 easque
992 1028 1105 1103 praesi-

119 1111 173 1170 diis
191 1111 297 1181 firmat,
320 1118 473 1190 praeterea
488 1110 549 1172 dies
562 1111 715 1188 noctisque
736 1116 787 1170 aut
805 1127 859 1188 per
881 1111 939 1170 rim
960 1115 1010 1170 aut
1032 1109 1106 1172 dolis
1114 1130 1135 1170 n

118 1201 277 1274 temptare,
300 1195 505 1257 defensoribus
524 1196 673 1255 moenium
690 1194 819 1271 praemia
835 1193 924 1254 modo
941 1195 1030 1256 modo
1045 1194 1105 1255 ior-

118 1278 258 1341 midinem
281 1287 444 1351 ostentare,
473 1297 543 1340 suos
569 1278 716 1339 hortando
736 1279 772 1338 ad
795 1279 932 1339 virtutem
958 1279 1104 1356 adrigere,

94 1375 243 1441 aprorsus
270 1365 401 1425 intentus
428 1372 532 1425 cuncta
561 1380 676 1445 parare.
719 1361 867 1424 Adherbal
889 1360 940 1423 ubi
964 1361 1106 1440 intellegit

118 1447 213 1507 omnis
240 1465 308 1509 suas
330 1448 463 1510 fortunas
485 1449 516 1508 in
538 1455 669 1509 extremo
697 1447 780 1516 sitas,
812 1447 926 1507 hostem
954 1446 1103 1516 infestum,

119 1530 206 1592 auxili
226 1550 308 1611 spem
322 1531 447 1603 nullam,
470 1533 611 1612 paenuria
626 1548 728 1593 rerum
744 1532 978 1592 necessariarum
992 1530 1134 1593 bellumu

119 1615 194 1676 trahi
215 1634 275 1677 uon
290 1633 391 1695 posse,
415 1635 450 1678 ex
467 1619 517 1687 eis,
538 1617 587 1695 qui
603 1633 662 1676 una
679 1615 788 1676 Cirtam
802 1615 1010 1693 prohrgerant,
1031 1616 1105 1677 duos

118 1717 255 1761 maxume
276 1702 408 1779 inpigros
430 1699 551 1777 delegit:
578 1717 629 1761 eos
654 1698 744 1760 multa
769 1697 935 1777 pollicendo
961 1717 996 1760 ac
1017 1699 1104 1760 mise·

118 1783 211 1844 rando
233 1802 333 1845 casum
355 1802 440 1846 suum
458 1785 620 1854 confirmat,
643 1784 686 1844 uti
699 1800 754 1864 per
774 1783 902 1844 bostium
925 1784 1104 1846 munih'ones

68 1863 107 1926 at
117 1873 207 1928 noctu
218 1867 255 1929 ad
270 1886 449 1947 proxumum
463 1885 554 1939 mare,
571 1868 639 1930 dein
657 1867 781 1928 Romam
795 1874 964 1947 pergerent
1001 1866 1103 1930 Numi·

119 1951 172 2012 dae
193 1953 295 2031 paucis
313 1951 418 2014 diebus
436 1953 515 2013 iussa
537 1953 680 2014 efficiunt:
695 1949 809 2012 litterae
828 1949 1003 2013 Adherbalis
1014 1953 1045 2012 in
1057 1969 1134 2015 se-ao

117 2042 187 2097 natu
202 2036 352 2107 recitatae,
376 2054 501 2116 quarum
516 2037 658 2098 sententia
676 2035 751 2096 hacc
768 2037 837 2097 luit:

92 2133 108 2181 2
203 2120 277 2183 ‘Non
292 2139 358 2182 mea
370 2119 455 2201 culpa
466 2138 554 2200 saepe
564 2121 600 2181 ad
614 2139 667 2181 ros
682 2125 797 2181 oratum
810 2121 904 2190 mitto,
917 2126 1016 2199 patres
1034 2137 1103 2181 con-

118 2205 228 2283 scripti,
245 2212 290 2266 set
303 2206 345 2266 ris
366 2205 526 2283 iugurthae
544 2204 665 2283 subigit,
687 2222 774 2284 quem
789 2211 868 2265 tanta
883 2202 984 2265 lubido
1011 2206 1103 2266 extin-

118 2287 226 2367 guendi
247 2306 296 2349 me
317 2290 429 2360 invasit,
452 2297 484 2350 ut
504 2307 601 2368 neque
623 2306 675 2349 ros
695 2306 792 2368 neque
812 2288 883 2349 deos
894 2286 1059 2350 inmortalis
1074 2288 1101 2349 in

90 2374 215 2434 sanimo
230 2371 347 2443 habeat,
362 2374 535 2450 sanguinem
550 2391 648 2436 meum
666 2390 753 2452 quam
769 2373 865 2432 omnia
880 2371 971 2433 malit.
1000 2371 1130 2450 ltaquen

119 2457 253 2537 quintum
262 2457 319 2517 iarn
331 2473 465 2518 mensem
481 2457 579 2519 socius
590 2463 619 2519 et
637 2458 748 2517 amicus
761 2454 863 2535 populi
874 2454 1000 2518 ltornani
1015 2457 1103 2516 muris

118 2539 255 2600 obsessus
269 2546 383 2611 teneor,
400 2558 497 2619 neque
511 2541 583 2602 mibi
597 2541 734 2620 Micipsae
750 2541 842 2618 patris
872 2541 930 2602 mei
967 2537 1102 2600 benificia

117 2641 213 2702 neque
236 2631 333 2685 rostra
350 2625 467 2686 decreta
482 2624 673 2687 auxilianturz
689 2623 770 2685 terro
790 2641 827 2685 an
845 2622 923 2685 tame
938 2624 1038 2685 acrius
1053 2642 1102 2685 ur-

90 2719 107 2766 s
116 2724 208 2784 guear
224 2709 355 2770 incertus
370 2727 444 2769 sum.
469 2708 558 2770 Plura
576 2710 612 2770 de
627 2707 767 2785 lugurtba
779 2707 914 2769 scribere
928 2707 1102 2769 dehortatur

116 2809 164 2852 me
185 2792 304 2852 fortuna
326 2809 406 2854 ntea:
429 2800 458 2854 et
478 2794 536 2854 iam
558 2800 643 2855 antea
665 2794 803 2870 expertus
825 2809 891 2852 suin
906 2810 1013 2871 parum
1035 2792 1130 2856 lideiu

90 2876 230 2936 amiseris
252 2893 325 2937 esse.
366 2877 429 2938 Nisi
448 2884 546 2938 mmcn
568 2875 704 2955 intellego
721 2873 803 2936 illum
824 2892 914 2956 supra
936 2894 1025 2954 quam
1047 2893 1101 2956 ego

117 2977 182 3020 sum
193 2965 303 3038 petere,
315 2979 412 3040 neque
423 2960 508 3022 simul
520 2960 674 3021 amicitiam
686 2965 814 3020 rostram
826 2966 856 3021 et
865 2976 991 3037 regnum
1001 2978 1100 3022 meum

117 3061 247 3121 sperare.
290 3045 395 3106 Utrum
414 3045 531 3124 gravius
553 3045 721 3113 existumet,
742 3043 852 3105 nemini
874 3043 1024 3105 occultum
1048 3053 1100 3105 est.

91 3128 191 3188 oNam
202 3127 283 3189 initio
296 3129 403 3191 occidit
412 3127 618 3206 Hiempsalem,
631 3129 753 3189 tratrem
764 3145 873 3197 meum,
888 3127 995 3189 deinde
1005 3129 1100 3207 patrio

116 3230 209 3292 regno
220 3230 268 3273 me
281 3211 405 3290 expulit:
418 3230 492 3292 quae
504 3229 574 3274 sane
585 3213 696 3274 luerint
705 3218 824 3272 nostrae
835 3211 969 3283 iniuriae,
980 3211 1053 3273 nihil
1065 3211 1100 3272 ad
1108 3227 1129 3270 a

91 3311 176 3358 avos.
209 3295 317 3357 Verum
335 3313 415 3356 nuno
430 3301 561 3357 vostrum
577 3314 703 3376 regnum
717 3297 807 3356 armis
822 3302 917 3366 tenet,
932 3314 996 3366 me,
1013 3314 1099 3376 quern

117 3399 167 3440 vos
181 3382 390 3459 imperatorem
398 3379 531 3440 Numidis
544 3381 691 3460 posuistis,
714 3379 845 3442 clausum
870 3379 999 3441 obsidet:
1020 3378 1100 3459 lega·

91 3472 215 3529 storum
236 3463 323 3524 rerba
349 3466 449 3542 quanti
470 3463 573 3524 lecerit
592 3463 722 3544 pericula
742 3482 807 3526 mea
831 3461 990 3524 declarant.
1025 3463 1099 3535 Quid
