2378 3864
152 154 211 215 110
413 166 595 211 onsmonas
618 168 658 207 ar
680 165 859 208 arrarunsn

150 335 224 398 quae
244 323 306 378 tum
324 315 479 376 formidine
500 321 647 376 mercatus
668 331 742 386 sum,
754 313 854 393 precio
874 311 971 373 soluto
992 313 1057 375 iure
1076 313 1123 374 do-

150 401 254 470 minus,
279 405 376 459 tamen
391 399 526 473 restituo,
539 415 635 479 neque
661 397 721 476 pati
743 395 896 457 consilium
919 402 963 458 est
982 394 1073 458 ullam
1092 415 1122 458 ex

100 497 131 549 19
150 483 261 545 civibus
280 483 420 561 praedam
441 499 513 542 esse.
561 480 636 542 Satis
653 480 700 542 illa
717 479 834 549 luerint,
858 498 934 558 quae
954 479 1039 542 rabie
1058 497 1124 541 con·
1144 556 1147 561 ἢ

150 574 241 628 tracta
267 565 464 635 toleravimus,
492 581 596 626 manus
621 564 800 626 conserentis
827 564 903 625 inter
923 580 956 624 se
978 564 1124 626 Romanos

150 651 294 712 exercitus
313 656 342 712 et
362 667 444 710 arma
465 647 501 710 ab
524 648 651 711 externis
671 648 702 708 in
723 654 838 708 nosmet
858 664 954 708 uorsa.
975 646 1141 711 Scelerums
1187 647 1189 703 l

149 741 178 794 et
195 731 435 795 contumeliarum
457 732 586 793 omnium
608 731 673 792 finis
694 732 739 790 sit.
768 729 899 802 Quorum
920 730 994 809 adeo
1018 730 1125 793 Sullam

148 834 208 877 non
230 816 370 896 paenitet,
394 815 566 877 utetlacta
586 813 725 893 ingloria
747 822 885 882 numeret
919 821 959 888 et,
985 816 1011 876 si
1032 813 1125 883 liceat,

149 899 258 961 avidius
278 900 388 961 lecerit.

98 992 131 1044 20
232 981 333 1061 Neque
347 983 411 1052 ‚iam
427 983 496 1063 quid
517 982 695 1043 existumetis
717 981 753 1042 de
773 980 831 1051 illo,
851 988 895 1042 set
914 986 1057 1060 quantum
1077 999 1124 1042 au·

148 1065 239 1126 deatis
262 1082 381 1126 vereor:
402 1082 439 1125 ne
461 1064 533 1126 alius
554 1063 642 1125 alium
662 1065 825 1144 principem
850 1069 1042 1142 expectantes
1061 1071 1150 1127 anton

148 1148 300 1227 capiamini
323 1181 358 1192 -
380 1165 439 1208 non
461 1148 565 1228 opibus
588 1149 663 1217 eius,
692 1166 767 1227 quae
789 1146 884 1209 lutilos
910 1154 941 1208 et
964 1154 1125 1226 corruptae

147 1238 229 1301 sunt,
257 1239 301 1293 set
323 1237 419 1292 rostra
454 1230 602 1300 socordia,
638 1248 726 1309 quam
758 1237 875 1311 captum
909 1230 955 1290 ire
989 1228 1062 1295 licet
1099 1238 1126 1293 et

97 1332 235 1395 21quam
261 1316 368 1377 audeas
397 1321 456 1375 tam
474 1315 566 1376 videri
587 1314 709 1377 felicem.
754 1313 828 1375 Nam
849 1321 967 1392 praeter
990 1313 1124 1377 satellites

148 1399 364 1466 conmaculatos
384 1401 448 1478 quis
466 1399 568 1461 eadem
587 1398 654 1468 volt,
679 1406 728 1459 aut
746 1399 810 1478 quis
827 1415 887 1458 non
901 1399 1000 1461 omnia
1017 1405 1124 1460 mutata

146 1489 264 1560 praeter
281 1483 441 1543 victorem?
463 1481 579 1546 Scilicet
593 1481 706 1553 milites,
729 1499 854 1561 quorum
869 1483 1013 1561 sauguine
1033 1482 1148 1545 'iarn-n

147 1566 191 1628 lae
222 1567 389 1645 Scirtoque,
416 1568 560 1647 pessumis
578 1583 746 1635 servorum,
774 1565 887 1626 divitiae
915 1571 1020 1644 partae
1049 1575 1121 1628 sunt

146 1650 190 1710 dn
212 1648 317 1729 qtiibus
343 1650 491 1729 praelatus
512 1652 542 1710 ln
567 1648 782 1727 magistratibus
806 1649 956 1728 capiundis
985 1649 1122 1720 Fufidius,

95 1751 128 1802 22
147 1732 249 1794 aneilla
269 1734 373 1812 turpis,
396 1733 543 1794 honorum
564 1735 694 1794 omnium
717 1732 1028 1795 dehonestamentumi
1070 1734 1123 1794 lta·

146 1833 203 1894 que
222 1833 388 1877 maxumam
414 1816 484 1877 mihi
512 1816 647 1877 fiduciam
673 1818 750 1896 parit
773 1817 865 1876 victor
888 1819 1052 1888 exercitus,
1080 1817 1123 1878 cui

145 1916 198 1976 per
228 1904 270 1958 tot
296 1899 415 1960 uolnera
441 1911 470 1960 et
490 1897 607 1960 labores
627 1899 698 1960 nihil
720 1906 837 1979 praeter
859 1906 1017 1979 tyrannum
1038 1903 1146 1981 quaeat

95 1999 127 2051 23
145 1984 232 2044 situm
254 1989 306 2043 est
325 1981 386 2043 Nisi
407 1982 482 2043 lorte
504 1983 689 2044 tribuniciam
710 1989 884 2063 potestatem
904 2001 1042 2046 evorsum
1056 2002 1122 2066 pro·

145 2067 315 2136 foetiscat,
343 2084 397 2145 per
421 2085 502 2128 arma
525 2065 670 2128 conditam
693 2086 709 2128 a
729 2065 888 2129 maioribus
914 2069 991 2139 suis,
1025 2070 1122 2150 utique
1188 2107 1189 2112 κ

145 2151 208 2211 iura
231 2157 260 2211 et
277 2150 380 2211 iudicia
402 2150 519 2212 sibimet
540 2157 764 2230 extorquerent:
788 2151 906 2230 egregia
921 2150 1033 2214 scilicet
1046 2169 1121 2213 mer·

145 2234 226 2303 cede,
249 2252 316 2294 cum
337 2233 457 2314 relegati
478 2236 508 2295 in
525 2232 647 2313 paludes
666 2242 695 2297 et
713 2234 797 2296 silvas
817 2234 1024 2297 contumeliam
1039 2242 1122 2317 atquc

94 2330 127 2378 24
145 2317 280 2377 invidiam
296 2334 394 2387 suam,
409 2320 538 2396 praemia
554 2336 644 2396 penes
661 2336 771 2398 paucos
787 2316 990 2396 intellegerint.
1013 2317 1078 2390 Qua
1091 2336 1148 2380 rea

145 2402 232 2478 igitur
254 2406 334 2460 tanto
354 2402 470 2478 agmine
492 2407 578 2481 atque
600 2403 703 2463 annuis
724 2400 849 2463 incedit?
883 2401 955 2473 Quia
976 2402 1122 2466 secundae

144 2502 192 2546 res
211 2486 285 2546 mire
304 2491 372 2545 sunt
393 2486 466 2545 vitiis
488 2487 634 2565 optentui:
658 2485 763 2565 quibus
781 2483 933 2547 labefactis
956 2505 1045 2567 quam
1063 2487 1121 2548 for·

144 2569 269 2630 midatus
291 2575 334 2629 est
349 2577 407 2629 tam
425 2575 642 2631 contemnetur:
665 2571 720 2630 nisi
737 2570 813 2631 torte
830 2571 927 2648 specie
947 2571 1122 2633 concordiae

146 2658 174 2712 et
191 2654 280 2732 pacis,
303 2671 377 2731 quae
398 2652 500 2714 sceleri
522 2662 551 2715 et
568 2653 707 2731 paricidio
723 2672 775 2721 suo
795 2655 913 2714 nomina
930 2654 1050 2716 indidit:
1071 2672 1121 2716 ne·

145 2753 201 2813 que
228 2736 311 2796 aliter
333 2755 396 2797 rem
417 2734 565 2813 publicam
587 2743 615 2798 et
641 2736 710 2798 belli
732 2737 820 2797 tinem
842 2739 895 2807 ait,
929 2737 984 2798 nisi
1006 2742 1148 2801 maneam

145 2818 264 2898 expulsa
286 2821 363 2896 agris
380 2819 496 2898 plebes,
520 2821 628 2899 praeda
644 2819 732 2880 civilis
750 2821 963 2891 acerbissuma‚
986 2822 1033 2883 ius
1047 2822 1121 2884 iudi·
1188 2851 1189 2908 p

144 2902 279 2980 ciumque
300 2905 429 2964 omnium
450 2921 551 2965 rerum
580 2921 671 2982 penes
690 2922 738 2974 se,
766 2903 844 2984 quod
872 2904 972 2984 populi
996 2904 1121 2967 Romani

93 3000 126 3051 aa
144 2985 207 3046 luit.
244 2983 324 3054 Quae
345 2989 370 3047 si
393 2986 474 3049 vobis
496 3006 553 3066 pax
581 2993 610 3048 et
636 2989 785 3068 conposita
808 2987 1032 3065 intelleguntur,
1061 3007 1121 3053 ma·

143 3087 230 3131 numa
257 3067 440 3131 turbamenta
462 3070 659 3150 reipublicae
690 3079 776 3152 atquo
802 3073 886 3135 exitia
908 3071 1047 3151 probate,
1071 3075 1119 3136 ad·

143 3155 223 3215 nuile
235 3151 349 3230 legibus
363 3154 508 3234 inpositis,
532 3157 653 3234 accipite
667 3157 757 3217 otium
777 3173 844 3216 cum
864 3155 990 3225 servitio,
1015 3162 1044 3217 et
1061 3164 1144 3219 tra-s

144 3236 202 3298 dite
218 3236 383 3315 exemplum
398 3240 523 3314 posteris
542 3240 579 3300 ad
598 3257 662 3300 rem
680 3239 827 3318 publicam
845 3240 950 3300 suimet
970 3243 1120 3318 sanguinis

94 3333 126 3386 att
143 3322 279 3383 mercede
293 3321 587 3383 circumveniundam.
610 3323 691 3399 blihi,
711 3341 886 3403 quamquam
901 3341 954 3402 per
970 3323 1028 3386 hoc
1042 3343 1120 3388 sum·

143 3422 224 3465 mum
233 3406 391 3487 imperium
398 3406 466 3467 satis
478 3408 641 3486 quaesitum
657 3415 719 3470 erat
732 3408 842 3469 nomini
858 3408 1010 3478 maiorum,
1028 3408 1121 3489 digni·
