2378 3864
133 142 152 202 o
259 157 301 199 nn
323 157 495 202 cesimum
518 157 757 203 noumaamoun
779 153 984 205 d.10.ll.12.

105 307 263 385 4Namque
285 308 404 369 avaritia
427 307 515 368 tidem
536 306 712 385 probitatem
734 316 905 388 ceterasque
927 311 997 370 artis
1021 311 1117 373 bonas

131 390 290 452 subvortit:
311 408 366 469 pro
380 390 426 451 his
449 390 618 469 superbiam
634 391 849 463 crudelitatem,
865 393 935 454 deos
945 394 1117 474 neglegere,

104 477 228 536 oomnia
243 475 355 537 uenalia
369 475 481 536 habere
497 474 621 536 edocuit.
648 476 775 537 Ambitio
790 477 898 539 multos
912 478 1045 540 mortalis
1060 481 1115 542 sal-

130 577 180 620 sos
195 560 259 620 fieri
275 558 405 637 subegit,
429 557 507 619 ahud
523 557 653 619 clausum
669 561 699 619 in
714 567 849 638 pectore,
872 560 950 622 aliud
966 562 996 622 in
1012 562 1115 640 lingua

130 651 300 722 promptum
315 643 439 711 habere,
456 643 596 703 amicitias
608 644 830 723 inimicitiasque
845 662 905 705 uon
920 664 956 706 ex
966 663 1000 706 re
1016 656 1063 708 set
1078 669 1116 710 ex

131 727 285 788 commodo
300 734 465 788 aestumare
497 727 648 805 magisque
662 727 771 788 voltum
789 747 876 808 qnam
891 729 1042 806 ingenium
1058 732 1114 792 ho·

104 818 202 873 onum
217 809 338 872 habere.
362 811 442 872 Haec
457 812 552 888 primo
566 811 707 888 paulatim
721 829 870 883 crescere,
886 814 1035 875 interdum
1050 818 1114 877 vin·

130 896 236 956 dicari:
258 902 341 972 post,
362 895 414 955 ubi
436 897 570 972 contagio
591 897 673 973 quasi
688 895 851 973 pestilentia
871 899 990 967 invasit,
1012 901 1114 962 civitas

129 981 285 1048 inmutata,
326 978 477 1058 imperinm
493 998 531 1040 ex
544 981 711 1040 iustissumo
747 985 834 1058 atque
849 987 969 1059 optumo
990 984 1112 1046 crudele

84 1066 117 1125 ll
131 1062 405 1142 intolerandumque
421 1063 539 1123 factum.
584 1064 636 1124 Set
652 1066 747 1141 primo
768 1066 860 1141 magis
882 1064 1001 1125 ambitio
1025 1084 1145 1144 quamn

130 1147 248 1209 avaritia
259 1148 373 1207 animos
386 1147 539 1208 hominum
550 1146 715 1216 exercebat,
732 1149 812 1227 quod
821 1155 919 1210 tamen
930 1150 1032 1211 vitium
1043 1169 1114 1229 pro·

103 1232 195 1310 aptus
212 1232 349 1292 virtutem
365 1238 436 1293 erat.
466 1231 540 1293 Nam
557 1231 680 1308 gloriam
694 1232 838 1294 honorem
845 1234 1000 1311 imperium
1016 1233 1115 1297 bonus

129 1323 159 1378 et
173 1316 293 1392 ignavos
308 1333 402 1395 aeque
419 1315 475 1377 sibi
490 1321 636 1395 exoptant,
652 1322 698 1376 set
712 1315 759 1376 ille
776 1335 845 1377 vera
860 1319 904 1377 ria
916 1318 1027 1387 nititur,
1044 1318 1115 1380 huic

130 1401 197 1480 quia
219 1399 315 1460 honae
337 1408 416 1462 artes
436 1401 556 1469 desunt,
584 1399 658 1460 dolis
686 1406 773 1479 atque
803 1399 922 1462 fallaciis
951 1403 1112 1464 contendit.

103 1485 252 1546 ehraritia
273 1486 417 1562 pecuniae
430 1485 559 1546 studium
573 1484 675 1553 hahet,
698 1502 785 1563 quam
801 1502 889 1546 nemo
908 1486 1024 1562 sapiens
1042 1504 1144 1554 con-ia

129 1569 250 1647 cupivit:
271 1586 305 1629 ea
329 1571 411 1648 quasi
432 1569 551 1630 venenis
572 1567 656 1627 malis
676 1567 778 1630 inbuta
799 1586 907 1646 corpus
922 1570 1114 1650 animumque

127 1653 241 1713 virilem
254 1653 409 1721 effeminat,
422 1668 539 1728 semper
550 1651 660 1711 infinita
671 1651 840 1713 insatiabilis
853 1659 905 1721 est,
918 1670 1016 1731 neque
1028 1657 1112 1732 copia

102 1746 227 1814 tneque
239 1736 337 1815 inopia
348 1736 498 1796 minuitur.
523 1734 573 1795 Set
584 1740 740 1814 postquam
751 1737 784 1797 L.
798 1735 877 1797 Sulla
893 1738 1113 1816 armisreoepta

126 1837 161 1880 re
176 1818 294 1898 publica
309 1819 394 1881 bonis
408 1821 497 1880 initiis
509 1817 602 1880 malos
618 1824 738 1881 eventus
754 1820 870 1891 habuit,
887 1838 993 1901 rapere
1009 1839 1112 1884 omnes

126 1903 262 1973 trahere,
285 1903 406 1965 domum
428 1903 501 1964 alius
521 1902 594 1965 alius
617 1920 704 1981 agros
725 1923 848 1982 cupere,
871 1922 967 1983 neque
989 1906 1144 1976 modumn

126 2004 224 2067 neque
239 1988 412 2049 modestiam
422 1989 547 2048 victores
562 1987 688 2056 habere,
703 1987 788 2051 loeda
799 1988 988 2068 crudeliaque
1000 1991 1028 2049 in
1042 1991 1112 2051 civis

101 2071 259 2134 olacinora
276 2071 384 2134 facere,
417 2072 482 2134 Huc
498 2071 659 2133 adcedebat
697 2074 776 2150 quod
793 2073 826 2134 L.
844 2073 922 2134 Suha
938 2075 1110 2143 exercitum,

127 2173 216 2234 quem
236 2158 266 2216 in
295 2157 362 2218 Asia
383 2157 566 2225 ductaverat,
596 2174 654 2235 quo
675 2155 730 2217 sibi
753 2157 844 2218 lidum
865 2157 984 2227 faceret,
1008 2164 1112 2218 contra

65 2240 70 2250 “
126 2257 240 2300 morem
262 2242 408 2302 maiorum
431 2240 581 2301 luxuriose
606 2240 751 2319 nimisque
772 2240 934 2302 liberaliter
954 2240 1109 2303 habuerat.

122 2326 199 2387 Loca
210 2343 333 2388 amoena
344 2323 505 2402 voluptaria
520 2323 605 2385 facile
620 2325 650 2384 in
663 2324 721 2385 otio
735 2324 843 2386 ferocis
858 2324 981 2387 militum
997 2327 1110 2387 animos
1120 2346 1144 2386 ιε

100 2406 318 2473 bmohiverant.
350 2407 395 2469 lbi
412 2408 542 2489 primum
559 2409 683 2470 insuevit
703 2411 849 2471 exercitus
868 2408 971 2487 populi
986 2408 1111 2471 Romani

126 2509 225 2553 amare
246 2499 359 2573 potare,
377 2494 461 2571 signa
474 2491 589 2555 tabum
603 2495 696 2571 pictas
717 2511 784 2554 vasa
807 2492 915 2553 caelata
936 2507 1054 2557 mirari,
1076 2512 1110 2554 ea

125 2577 260 2652 privatim
276 2584 304 2637 et
318 2577 437 2655 pubhoe
450 2594 570 2655 rapere,
593 2575 716 2637 delubra
741 2575 883 2652 spoliare,
906 2589 989 2632 sacra
1009 2577 1110 2651 profa-

101 2668 224 2736 tnaque
240 2661 337 2719 omnia
355 2659 496 2738 polluere.
520 2659 612 2734 Igitur
627 2659 653 2718 ei
667 2658 771 2718 milites
787 2661 943 2734 postquam
959 2656 1110 2720 victoriam

98 2740 222 2817 sadepti
235 2748 312 2810 sunt,
328 2741 400 2801 nihil
414 2741 517 2802 relicui
531 2741 613 2800 victis
629 2740 735 2801 secere.
766 2741 880 2816 Quippe
896 2739 1044 2800 secundae
1058 2760 1108 2804 res
1120 2767 1145 2810 ao

125 2824 300 2900 sapientium
317 2826 429 2884 animos
451 2824 587 2900 fatigant:
609 2840 647 2884 ne
667 2822 709 2884 illi
731 2824 882 2900 conruptis
897 2822 1032 2885 moribus
1051 2829 1109 2886 vic-

76 2905 113 2964 12
125 2907 218 2967 toriae
231 2912 439 2984 temperarent.
468 2907 627 2986 Postquam
647 2907 761 2969 divitiae
776 2907 882 2968 honori
901 2924 965 2968 esse
984 2925 1110 2987 coepere

125 2995 156 3051 et
171 3006 222 3050 eas
233 2989 490 3069 gloriaturpcrium
504 2992 634 3069 potentia
652 2991 844 3070 sequebatur,
867 2991 1029 3056 hebescere
1051 2996 1109 3053 vir·

124 3079 186 3143 tus,
209 3082 366 3152 perapertas
380 3075 493 3151 probro
512 3075 629 3145 haberi,
654 3076 819 3138 innocentia
836 3093 892 3157 pro
914 3075 1109 3138 malivolentia

100 3153 193 3219 educi
210 3157 320 3239 coepit.
343 3157 438 3240 lgltur
450 3160 602 3222 exdlvitiis
615 3162 796 3223 iuventutem
806 3159 1027 3238 luxuria-atque
1042 3179 1108 3222 ava·
1118 3186 1144 3227 aa

124 3245 190 3304 ritia
210 3260 277 3304 cnm
295 3245 435 3323 superbla
450 3248 603 3309 invasere:
621 3263 728 3324 rapere
746 3261 931 3315 consumere,
954 3261 1007 3307 sua
1025 3247 1110 3323 parri

125 3327 255 3406 pendere
273 3327 367 3389 aliena
390 3346 514 3407 cupere:
532 3329 677 3408 pudorem
695 3329 879 3407 pudicitiam,
902 3327 998 3389 divina
1020 3336 1108 3406 attpre

98 3411 251 3477 ahumana
262 3414 440 3494 promiscua,
453 3412 524 3475 nihil
536 3414 619 3490 pensi
630 3430 727 3494 neque
739 3412 882 3475 moderati
893 3410 1013 3475 habere.
1032 3412 1108 3491 Ope·

71 3596 91 3639 h
