2378 3864
290 185 333 226 na
349 182 457 226 nunno
481 180 683 226 rvovnranao
705 180 733 222 o.
751 174 794 226 5⁰.
815 173 859 226 51.
1025 163 1065 225 dil

79 354 140 416 pro
162 353 197 395 re
216 341 302 411 atquc
321 331 396 402 loco,
415 331 499 391 sicuti
513 339 613 391 monte
628 329 826 397 descenderat,
843 329 981 407 paulatim
995 348 1066 408 pro·

80 419 201 487 cedere,
224 416 348 477 Marium
366 421 433 492 post
450 416 593 494 principia
610 413 738 482 hahere,
762 414 824 494 ipse
843 431 911 474 curn
933 415 1066 475 sinistrae

80 503 146 565 alae
166 499 311 581 equitibus
331 516 404 567 esse,
423 499 472 576 qui
494 499 524 558 in
545 500 660 575 agmine
675 499 822 577 principes
840 498 907 558 lacti
928 506 1020 558 erant.

168 587 205 646 nt
218 583 367 660 iugurtha,
387 580 438 643 uhi
454 587 616 643 extremum
631 599 737 660 agrnen
751 580 857 644 Metelli
872 583 983 659 primos
997 591 1092 642 suost

56 678 336 750 epraetergressum
359 666 444 735 videt,
464 666 609 743 praesidio
632 666 714 745 quasi
734 667 824 728 duum
843 664 954 726 milium
982 665 1065 744 pedi-

78 766 145 816 tum
179 757 309 812 montem
326 757 459 827 occupat,
482 768 539 828 qua
557 749 689 811 Metellus
711 750 909 818 descenderat,
929 767 967 810 ne
989 749 1065 811 forte

80 835 254 899 cedentibus
276 835 449 896 advorsariis
470 835 602 912 receptui
628 852 663 895 ac
688 842 755 912 post
772 835 954 897 munimento
973 833 1064 894 ieret:

80 922 151 982 dein
170 925 293 996 repente
315 920 398 995 signo
419 917 486 977 dato
507 918 599 978 hostis
613 918 729 979 invadit.
763 918 906 980 Numidae
923 917 1090 995 aliipost-c

79 1021 183 1066 remos
201 1003 334 1071 caedere,
357 1015 457 1080 persa
473 1002 590 1062 sinistra
611 1019 645 1062 ac
668 1002 769 1063 dextra
783 1009 937 1080 temptare,
959 1001 1065 1062 intensi

44 1089 194 1150 ’oadessc
211 1094 299 1164 atque
320 1088 443 1154 instare,
476 1085 612 1146 omnihus
633 1084 705 1146 locis
725 1086 926 1148 Romanorum
949 1086 1067 1146 ordines

80 1170 279 1239 conturbare,
300 1185 427 1248 quorum
443 1169 529 1229 etiam
547 1170 597 1247 qui
610 1169 789 1231 firmioribus
804 1171 908 1232 animis
924 1169 1000 1230 ohvii
1012 1169 1065 1230 ho·

79 1255 177 1316 stibus
192 1254 319 1322 fuerant,
334 1252 472 1313 ludificati
490 1254 604 1313 incerto
620 1252 732 1329 proelio
766 1255 821 1331 ipsi
842 1254 931 1314 modo
953 1255 1066 1314 eminus

79 1337 300 1407 sauciabantur,
315 1354 413 1416 neque
434 1342 536 1397 contra
550 1335 677 1397 feriundi
692 1344 741 1399 aut
756 1336 933 1398 conserundi
945 1354 1065 1397 uranum

81 1424 166 1502 copia
185 1428 262 1482 erat:
278 1427 344 1481 ante
360 1422 418 1480 iam
432 1419 510 1481 docti
524 1420 561 1480 ah
582 1418 725 1497 Iugurtha
747 1423 871 1500 equites,
890 1419 941 1481 uhi
959 1420 1091 1484 Roma-t

45 1525 190 1570 unorum
214 1513 310 1566 turma
332 1505 445 1584 insequi
473 1511 626 1582 coeperat,
654 1522 715 1565 non
738 1504 893 1567 confertim
917 1522 1013 1583 neque
1035 1506 1066 1564 iu

79 1608 174 1653 unum
191 1607 255 1650 sese
271 1587 462 1666 recipiebant,
478 1595 523 1648 set
537 1587 609 1650 alius
626 1587 683 1650 alio
698 1607 787 1668 qnam
797 1606 933 1650 maxume
948 1588 1064 1648 divorsi.

78 1675 123 1735 lta
138 1691 262 1735 nurnero
277 1673 406 1751 priores,
430 1673 455 1732 si
470 1671 506 1731 ab
524 1673 728 1750 persequendo
743 1673 834 1735 hostis
848 1673 999 1734 deterrere
1013 1685 1093 1738 neo

80 1759 248 1838 quiverant,
264 1756 400 1816 disiectos
414 1755 450 1815 ab
466 1762 549 1839 tergo
565 1764 615 1818 aut
629 1756 769 1819 lateribus
783 1756 1064 1818 circumveniebant:

81 1844 129 1902 sin
139 1841 334 1919 opportunior
343 1840 430 1917 lagae
442 1839 618 1918 collisquam
634 1843 729 1919 campi
744 1841 848 1912 luerat,
864 1859 898 1902 ea
913 1857 983 1901 vcro
994 1857 1064 1901 con·

45 1944 70 1984 ao
80 1925 159 1985 sueti
179 1922 371 1984 Numidarum
388 1919 456 2001 equi
470 1921 555 1984 facile
569 1925 646 1986 inter
660 1924 785 2002 virgulta
800 1925 932 1994 evadere,
949 1930 1065 1984 nostros

79 2009 225 2085 asperitas
239 2013 270 2068 et
288 2004 439 2067 iasclentia
458 2005 515 2067 loci
534 2008 688 2070 retinebat.
721 2009 858 2071 Ceterum
875 2009 963 2069 iacies
977 2009 1112 2076 totiushl

78 2093 182 2167 negoti
196 2091 275 2151 varia
293 2092 413 2159 incerta,
428 2091 514 2152 iocda
530 2098 616 2172 atquc
632 2093 820 2155 miserabilis:
835 2092 958 2169 dispcrsi
973 2111 990 2152 a
1005 2093 1065 2152 suis

77 2192 150 2253 pars
171 2175 278 2236 cedere
297 2174 344 2235 alii
364 2173 485 2253 insequi,
506 2193 602 2255 neque
616 2178 698 2256 signa
712 2195 809 2256 noque
828 2176 946 2252 ordines
963 2173 1064 2236 ohser-

78 2276 161 2327 vare,
183 2257 234 2319 uhi
253 2276 399 2340 quemque
418 2257 582 2337 periculum
598 2266 718 2341 ceperat
734 2261 775 2321 ibi
789 2260 927 2321 resistere
943 2277 977 2320 ac
994 2276 1065 2336 pro·

45 2342 217 2421 repulsare:
240 2358 321 2402 arma
338 2343 403 2413 tela,
420 2344 488 2422 equi
504 2344 566 2413 riri,
589 2342 687 2404 hostes
709 2351 797 2423 atque
819 2345 895 2405 cives
917 2343 1063 2420 permixti,

79 2425 153 2486 nihil
172 2425 292 2487 consilio
309 2427 539 2505 nequcInrperlo
550 2429 613 2505 agi,
629 2426 692 2487 fors
705 2429 801 2489 omnia
819 2444 932 2505 regere.
964 2426 1106 2503 tequea

78 2508 208 2570 multum
230 2508 288 2569 diei
297 2518 498 2587 processerat,
523 2527 589 2571 cum
604 2512 754 2573 etiamtum
771 2518 891 2573 eventus
906 2511 936 2571 in
952 2511 1064 2570 incerto

80 2600 155 2654 erat.
190 2592 322 2671 Denique
343 2593 479 2654 omrrihus
499 2593 601 2656 labore
623 2601 653 2656 et
667 2600 749 2656 aestu
771 2594 915 2674 languidis
932 2591 1090 2660 Metellusa

80 2676 135 2737 uhi
148 2675 228 2737 ridet
243 2675 382 2738 Numidas
395 2679 491 2738 orium
506 2680 630 2749 instare,
652 2677 791 2757 paulatim
806 2677 912 2740 milites
925 2678 957 2738 in
972 2694 1064 2738 unum

45 2760 231 2829 soconducit,
253 2761 371 2823 ordines
391 2763 517 2824 restituit
535 2770 563 2823 ct
587 2763 715 2825 cohortis
733 2763 907 2840 legionarias
929 2768 1065 2841 quattuor

80 2844 240 2917 advorsum
264 2845 376 2922 pedites
401 2846 530 2907 hostium
551 2847 692 2908 conlocat.
734 2847 845 2908 Eorum
868 2864 973 2926 magna
995 2864 1064 2925 pars

79 2928 285 3006 superioribus
305 2928 376 2989 locis
394 2929 470 2991 fessa
485 2930 667 2993 consederat.
701 2928 793 2992 Simul
807 2948 893 2992 orare
910 2937 938 2993 et
952 2931 1091 2998 hortari4

79 3011 189 3072 milites
202 3028 239 3071 ne
252 3013 411 3073 delicerent
424 3030 483 3074 neu
497 3022 669 3091 paterentur
678 3014 770 3075 hostis
782 3015 918 3095 fugientis
930 3016 1062 3077 vincere:

79 3113 180 3174 neque
195 3095 251 3156 illis
273 3104 366 3156 castra
390 3112 453 3157 esse
475 3116 571 3176 neque
586 3100 798 3160 munimentum
813 3098 914 3170 uhum,
937 3117 997 3176 quo
1015 3118 1063 3161 ce·

45 3179 186 3240 sedentes
204 3178 373 3241 tenderent:
387 3181 416 3240 in
444 3182 533 3241 armis
560 3185 656 3243 omnia
681 3185 744 3244 sita.
792 3183 843 3245 Set
863 3200 902 3244 ne
924 3183 1090 3259 Iugurthae

81 3263 200 3341 quidem
223 3263 335 3324 interca
356 3262 471 3342 quietus
493 3272 574 3325 erat:
595 3267 750 3328 circumire
768 3267 898 3335 hortari,
921 3282 1064 3329 renovare

79 3347 227 3425 proelium
249 3347 360 3425 etipse
380 3366 446 3408 cum
468 3348 587 3410 delectis
607 3356 751 3430 temptare
773 3352 887 3412 omnia:
910 3349 1076 3428 subvenire

79 3432 152 3499 suis,
165 3431 299 3493 hostibus
314 3431 409 3492 darbiis
423 3434 541 3503 instare,
557 3451 630 3514 quos
645 3434 746 3498 firmos
761 3431 1068 3554 cognoveraqquttna
1080 3426 1143 3538 ,3'53

1120 3561 1161 3597 tlt

901 3599 947 3637 l‘xt
994 3611 1001 3629 ·‘
1076 3592 1084 3601 ..
1134 3597 1185 3643 fs-)

907 3652 953 3679 ΓΓ“·“.
982 3647 999 3662 '⁴
1172 3669 1182 3679 a

923 3756 931 3773 χ
946 3748 973 3766 μ’·
1107 3765 1110 3768 ,
1168 3747 1171 3757 ¹

897 3783 902 3793 ι
931 3774 982 3821 *xcv*
1029 3780 1035 3786 ⁸
1068 3794 1069 3798 Ἰ
1157 3780 1185 3812 ..r-
