2378 3864
162 166 203 232 18
372 188 414 228 on
436 187 537 230 annuo
559 187 758 231 ruararrrruo
783 187 811 232 o.
835 179 878 234 at.
900 180 943 232 51).
1014 229 1017 235 .

116 333 153 396 19
249 335 341 413 Igitur
355 337 385 396 in
408 352 442 395 eo
459 333 547 403 colle,
564 353 651 413 quem
668 345 836 396 transvorso
854 338 960 398 itinere
974 346 1141 416 porrectum

160 420 331 488 docuimus,
355 416 496 495 Iugurtha
511 425 668 479 extenuata
684 418 835 500 [suorum]
852 421 915 481 acia
930 421 1073 490 consedit,
1089 421 1141 482 ele·

162 505 278 583 phantis
294 512 323 564 11
340 504 416 581 parti
430 503 581 581 copiarum
596 502 778 580 pedestrium
791 503 987 564 Bomilcarem
1003 505 1141 583 praefecit

163 606 289 667 eumque
304 586 407 648 edocet
420 603 494 664 quae
507 594 617 662 ageret,
634 588 696 664 ipse
710 589 831 665 propior
845 597 975 649 montem
986 606 1056 649 cum
1069 592 1142 650 omni

137 674 293 751 aequitatu
313 680 343 731 et
357 668 502 747 peditibus
519 670 637 730 delectis
658 688 727 731 suos
744 670 887 732 conlocat.
920 672 994 733 llcin
1016 673 1157 750 singrdast

163 764 275 818 turmas
303 763 332 814 et
353 752 517 830 manipulos
540 755 715 815 circundans
740 763 841 816 monet
861 762 948 834 atque
971 755 1139 825 obtestatur,

163 843 206 902 uti
227 841 373 900 memores
395 839 533 916 pristinae
553 839 664 897 virtutis
686 842 715 898 at
729 839 865 900 victoriae
879 856 944 900 sese
960 855 1141 919 regnumque

163 942 250 984 suum
265 922 300 983 ab
317 922 517 983 Romanorum
533 923 650 982 avaritia
667 922 838 984 defendant:
854 940 921 983 1111
938 925 980 984 cis
995 930 1141 985 certamen

163 1008 241 1077 lore,
268 1022 342 1085 quos
369 1013 454 1068 autea
480 1007 570 1066 victos
592 1005 646 1066 suh
671 1007 772 1082 iugum
793 1007 940 1067 miserint:
964 1007 1073 1068 ducem
1091 1007 1140 1068 illis

163 1109 224 1151 non
246 1091 375 1152 animum
390 1095 546 1151 mutatum:
571 1107 646 1168 quae
662 1089 699 1150 ab
711 1091 890 1167 imperatore
899 1091 1064 1162 decuerint
1082 1110 1164 1152 omn

164 1177 212 1235 nia
227 1175 287 1235 suis
301 1175 432 1252 provisa,
448 1172 546 1234 locum
561 1174 760 1250 superiorem,
780 1182 814 1234 ut
833 1175 995 1253 prudentes
1019 1194 1089 1236 cum
1103 1177 1141 1236 iu·

164 1260 282 1336 peritis,
310 1276 348 1319 ne
373 1259 528 1336 pauciores
551 1275 618 1317 cum
640 1256 773 1334 pluribus
794 1265 845 1319 aut
865 1259 955 1320 rudes
978 1277 1048 1320 cum
1078 1257 1142 1321 belli

137 1342 334 1410 ameliorihus
356 1359 476 1403 manum
499 1350 702 1402 consererent:
724 1342 848 1419 proinde
868 1344 963 1419 parati
983 1344 1142 1422 intentique

165 1434 263 1488 essent
276 1429 360 1504 signo
378 1427 445 1487 dato
459 1425 607 1486 Romanos
621 1426 774 1486 invadere:
793 1425 875 1486 idum
889 1426 967 1487 diem
985 1435 1037 1487 aut
1054 1428 1142 1486 omnis

163 1510 281 1572 labores
296 1520 324 1572 et
338 1511 473 1572 victorias
490 1508 730 1570 confirmaturum
746 1517 796 1569 aut
809 1527 1014 1571 maxumarum
1030 1529 1167 1572 aerum-u

139 1607 270 1657 tuarum
284 1596 397 1657 initium
417 1594 497 1653 lore:
517 1592 554 1652 ad
574 1591 632 1652 hoc
646 1593 766 1662 viritim,
789 1595 832 1654 uti
849 1611 997 1673 quemque
1020 1595 1059 1655 ob
1073 1594 1142 1654 mili·

165 1688 228 1740 1111
250 1679 363 1739 facinus
384 1677 509 1753 pecunia
531 1685 580 1736 aut
597 1675 710 1736 1111111
728 1676 879 1748 extulerat,
903 1680 1143 1740 conmonefacere

164 1762 281 1823 benifici
298 1762 343 1821 sui
358 1769 387 1820 11
404 1777 471 1820 aum
486 1759 583 1836 ipsum
600 1758 662 1819 aliis
681 1766 844 1822 ostentare:
860 1770 1010 1841 postremo
1025 1779 1083 1840 pro
1097 1779 1142 1822 cu·

166 1846 270 1922 iusque
292 1845 409 1921 ingenio
431 1841 596 1920 pollicendo
616 1844 776 1904 minitando
793 1844 965 1906 obtestando
980 1845 1072 1907 alium
1092 1845 1143 1907 alio

139 1929 252 1996 amodo
285 1928 429 1995 excitare,
458 1944 526 1987 cum
553 1927 670 1986 iuterim
692 1926 840 2011 Metellus,
869 1931 989 2006 ignarus
1019 1929 1168 1991 hostiumn

163 2020 264 2074 monte
278 2011 452 2090 degrediens
467 2029 535 2071 cum
553 2011 683 2070 exercitu
712 2013 913 2090 conspicatur,
931 2015 1028 2090 primo
1042 2013 1145 2074 dubius

165 2096 304 2177 quidnam
327 2094 442 2156 insolita
463 2094 553 2155 lacios
575 2094 743 2157 ostenderet
770 2129 806 2140 —
831 2114 899 2168 nam
926 2098 1001 2157 inter
1024 2097 1144 2176 virgulta

165 2183 232 2260 equi
251 2180 452 2259 Numidaeque
476 2178 685 2247 consederant,
708 2196 804 2258 neque
823 2181 911 2260 plane
934 2180 1074 2242 occultati
1094 2181 1145 2244 hu·

164 2265 284 2326 militate
302 2263 452 2332 arborum,
465 2270 495 2325 et
511 2270 610 2325 1111111
624 2263 727 2324 incerti
744 2264 883 2343 quidnam
899 2275 989 2334 esset,
1012 2284 1082 2327 curn
1096 2284 1144 2326 na·

164 2355 231 2411 tura
249 2348 307 2409 loci
323 2355 386 2408 tum
403 2347 470 2407 dolo
491 2348 547 2426 ipsi
561 2355 647 2428 atque
668 2350 750 2426 signa
769 2348 904 2411 militaria
925 2347 1076 2412 obscurati
1100 2365 1170 2420 -‚o

139 2435 233 2496 odein
255 2433 338 2494 brevi
355 2432 478 2509 cognitis
495 2432 607 2493 insidiis
626 2431 775 2512 paulisper
790 2451 895 2511 agmen
915 2435 1073 2500 constituit.
1105 2434 1145 2495 111

165 2517 339 2580 conmutatis
351 2515 856 2595 ordinibusiudexterolotere,quod
867 2534 1045 2595 proxumum
1056 2519 1146 2579 hostis

166 2609 243 2671 1111,
264 2599 426 2679 triplicibus
447 2600 583 2661 subsidiis
605 2603 696 2662 aciem
718 2601 866 2670 instruxit,
889 2601 965 2660 inter
982 2604 1146 2681 maniprdos

165 2687 327 2747 funditores
347 2692 375 2745 et
389 2685 553 2762 sagittarios
572 2684 711 2762 dispertit,
729 2684 887 2761 equitatum
903 2700 1019 2741 omnem
1034 2685 1065 2746 in
1083 2706 1146 2748 cor.

165 2768 252 2831 nibus
265 2769 351 2838 locat,
372 2784 407 2828 ac
421 2785 517 2846 pauca
536 2784 592 2846 pro
611 2775 744 2843 tempore
763 2764 870 2825 milites
890 2765 1024 2824 hortatus
1042 2772 1170 2839 aciemn

166 2854 249 2913 sicuti
267 2854 454 2930 instruxerat,
464 2850 639 2911 transvorsis
659 2849 808 2926 principiis
830 2850 859 2909 in
878 2847 998 2926 planum
1018 2849 1145 2916 deducit.

117 2940 156 2999 50
167 2936 216 2997 Set
231 2934 283 2996 ubi
295 2933 436 2996 Numidas
455 2935 567 3016 quietos
582 2951 678 3010 neque
697 2930 770 2993 colla
792 2932 913 3010 degredi
932 2934 1145 3006 animadvortit,

167 3020 276 3082 veritus
297 3036 333 3078 ex
348 3020 416 3078 anni
428 3027 562 3096 tempore
584 3024 612 3078 et
632 3017 730 3094 iuopia
744 3033 850 3094 aquae,
870 3035 908 3078 ue
923 3019 969 3087 siti
986 3020 1145 3083 conficere·

165 3111 215 3166 tur
231 3102 390 3170 exercitus,
414 3105 448 3162 P.
467 3101 607 3163 Rutilium
625 3100 754 3180 legatum
776 3118 844 3162 cum
860 3101 1001 3180 expeditis
1019 3105 1145 3167 cohorti·

167 3188 224 3250 bus
241 3195 268 3249 et
281 3193 365 3265 parte
380 3187 509 3263 equitum
526 3187 675 3263 praemisit
690 3184 859 3256 1111111111,
876 3187 918 3247 uti
932 3184 1030 3247 locum
1045 3191 1170 3251 castriso

168 3277 364 3350 antecaperet,
388 3270 565 3329 existumans
582 3270 674 3332 hostis
691 3269 797 3331 crebro
813 3271 914 3348 inpetu
927 3279 956 3330 ct
972 3275 1144 3335 transvorsis

168 3356 286 3435 proeliis
309 3356 364 3415 iter
384 3370 469 3414 suum
490 3361 692 3416 remoraturos
713 3362 743 3415 11
763 3354 901 3433 quoniam
926 3355 1014 3414 armis
1034 3355 1144 3419 dilllde·

109 3517 111 3521 Ι
142 3449 244 3510 arent,
260 3438 459 3500 lassitudinem
474 3444 503 3497 et
516 3437 592 3498 sitim
606 3437 730 3499 militum
739 3444 940 3516 temptaturos.
960 3437 1071 3501 1111111
1084 3443 1144 3520 ipse
