2378 3864
353 201 393 240 nx
416 199 579 243 1111101111
601 183 798 244 rannemu-
1019 188 1077 250 tun

94 348 336 426 pravissumeque
359 364 412 425 per
435 346 555 408 sceleris
580 350 777 412 inmanitatem
802 350 898 411 adhue
917 359 996 413 tntns
1015 355 1076 422 luit,

95 430 168 529 dum
190 448 240 491 vos
260 439 339 492 metu
359 432 499 508 gravioris
521 433 619 493 serviti
639 433 842 512 a‘repetnnda
863 432 996 496 libertate
1016 445 1076 497 ter-

93 532 211 575 renum.

178 599 334 676 Agundum
350 605 436 676 atque
451 597 565 659 obviam
578 601 705 661 eundum
720 609 772 670 est,
785 601 921 673 Quirites,
936 621 975 663 ne
986 603 1077 681 spolia
1112 614 1128 664 7

66 689 191 770 svestra
211 698 302 759 penes
324 680 389 741 illos
409 682 481 742 sint:
508 700 569 743 non
591 682 796 762 prolatandum
818 687 1005 764 nequeuntis
1025 705 1076 765 pa·

56 838 61 843 ,
91 759 318 838 radda-auxilia:
341 765 396 825 nisi
411 765 487 826 11111
501 768 625 845 speratis
645 769 774 829 taedium
794 769 852 828 iam
871 775 920 828 aut
933 769 1076 846 pudorem

92 850 255 930 tyrannidis
269 847 366 910 Sullae
388 866 451 910 esse
473 859 501 910 et
523 868 590 912 eum
613 868 666 929 per
685 850 781 913 scelus
803 859 945 930 occupata
961 854 1076 931 pericu·

45 934 65 995 Ϊ-
86 933 191 1019 1111111
205 934 402 1006 dimissurum.
420 933 457 993 nt
478 933 526 994 ille
550 953 585 995 1ο
606 937 765 1014 processit,
786 944 819 996 nt
831 936 902 995 nihil
916 935 1075 1014 gloriosum
1111 948 1127 998 8

45 1050 54 1069 κ
91 1019 150 1078 nisi
172 1023 268 1088 tutum
291 1024 319 1077 et
340 1017 437 1076 emnia
458 1018 628 1079 retinendae
657 1018 860 1080 dominationis
881 1020 1003 1081 honesta
1024 1038 1075 1081 ex·

47 1103 220 1180 „nsistumet
250 1101 362 1180 ‘ltaque
389 1099 438 1160 illa
465 1101 547 1179 quies
570 1109 599 1162 et
622 1104 712 1164 otium
732 1121 800 1163 eum
822 1102 972 1175 libertate,
1000 1121 1075 1183 quae
1110 1117 1126 1168 n

91 1184 178 1252 m'ulti
201 1184 287 1275 probi
308 1185 406 1262 potius
427 1201 515 1262 quam
536 1183 669 1246 laborem
695 1204 762 1246 eum
788 1187 952 1248 honoribus
974 1205 1096 1265 capes-⁴

92 1269 215 1336 sehant,
243 1267 323 1329 nulla
345 1274 427 1329 s'unt:
457 1267 513 1327 hae
540 1273 710 1346 tempestate
739 1269 929 1329 serviundum
959 1278 1008 1330 aut
1025 1272 1077 1332 im·
1095 1284 1127 1336 10

91 1353 295 1431 peritandum,
318 1350 471 1412 habendus
490 1358 585 1411 metus
608 1359 652 1412 est
673 1359 723 1412 aut
744 1351 913 1422 iaciundus,
937 1352 1073 1423 Quirites.

91 1435 167 1497 Nam
189 1435 259 1515 quid
283 1435 379 1497 nltrai
409 1453 518 1513 quaeve
540 1435 668 1496 humana
690 1442 831 1515 superant
851 1442 902 1496 aut
922 1437 1075 1498 1111111111-
1095 1452 1126 1504 11

60 1518 203 1598 rspollnta
225 1520 311 1581 sunti
344 1517 474 1596 Populus
494 1518 654 1590 Romanus,
675 1519 763 1598 paulo
778 1525 845 1580 ante
860 1521 992 1597 gentium
1012 1537 1075 1580 mo·

92 1604 221 1673 1111111,
243 1610 347 1664 exutus
360 1603 486 1681 imperio
500 1602 593 1679 gloria
615 1604 694 1673 iure,
718 1603 844 1680 agitandi
865 1603 950 1683 inops
972 1604 1075 1684 despe-

92 1695 216 1766 ctusque
236 1705 274 1747 ne
294 1686 406 1748 servilia
429 1687 548 1765 quidem
570 1685 706 1748 alimenta
724 1685 835 1748 relicua
852 1686 950 1748 hahet.
975 1688 1075 1748 Socie-
1095 1694 1125 1745 12

90 1789 160 1832 rum
188 1777 217 1831 et
238 1770 301 1831 Lati
330 1786 436 1847 magna
464 1772 506 1831 vis
536 1772 649 1832 civitate
682 1789 737 1850 pre
768 1770 866 1830 multis
893 1778 923 1832 et
950 1773 1076 1851 egregiis

92 1855 177 1916 factis
195 1873 212 1914 a
236 1854 317 1914 vohis
339 1854 404 1914 data
425 1871 480 1932 per
502 1871 595 1915 unum
615 1855 827 1932 prohibentur,
858 1862 887 1915 et
908 1854 1005 1935 plebei
1030 1857 1074 1916 in·

58 1940 197 2000 wnoxiae
214 1940 324 2016 patrias
351 1937 437 1998 sedes
458 1955 639 2017 occupavere
660 1941 747 2016 pauni
767 1937 922 2010 satellites,
961 1956 1074 2000 meree·

92 2024 161 2085 dem
182 2022 336 2083 scelerum.
365 2021 458 2098 Leges
479 2021 584 2083 iudicia
623 2024 779 2092 aerarium,
800 2023 967 2100 provinciae
988 2039 1074 2100 reges
1094 2032 1126 2084 13

90 2123 184 2187 penes
203 2123 303 2173 unum,
327 2105 454 2182 denique
470 2107 553 2166 neeis
567 2106 672 2166 civium
696 2112 725 2165 et
742 2107 817 2166 vitae
836 2103 961 2166 licentia.
982 2103 1074 2166 Simul
1094 2116 1125 2167 11

91 2190 236 2252 humanas
250 2189 359 2248 hostias
375 2187 485 2248 vidistis
504 2195 533 2248 et
552 2188 687 2265 sepulcra
709 2188 815 2249 iniecta
833 2190 974 2264 sanguine
990 2186 1073 2249 civili.

92 2273 184 2335 Estne
204 2273 272 2333 viris
292 2271 394 2333 relicui
416 2269 493 2332 aliud
513 2289 601 2349 quam
622 2270 736 2332 solvere
758 2273 893 2332 iniuriam
931 2279 980 2334 aut
998 2272 1074 2333 meri
1096 2283 1125 2334 rt

59 2376 149 2437 asper
167 2356 321 2418 virtutem?
355 2356 491 2434 qnoniam
512 2354 628 2433 quidem
648 2372 740 2416 unum
763 2355 898 2416 omnihus
920 2357 1074 2417 11111111-

93 2449 159 2502 tura
180 2437 225 2501 111
246 2440 326 2500 11111
346 2440 453 2516 saeptis
471 2440 583 2507 stamit,
614 2456 711 2519 nequa
739 2440 893 2518 ‹piisquam
913 2446 1074 2500 extremam

92 2525 299 2585 necessitatem
332 2522 403 2583 nihil
430 2539 518 2582 ausus
544 2522 598 2581 nisi
624 2521 762 2583 muliebri
791 2524 908 2600 ingenio
930 2531 1072 2601 expectat.

93 2608 202 2670 Verum
224 2623 278 2684 ego
299 2606 461 2675 seditiosus,
485 2607 526 2666 uti
542 2604 620 2666 Sulla
639 2607 686 2674 ait,
707 2607 756 2684 qui
774 2608 903 2686 praemii.
918 2606 1073 2668 tubarum
1094 2608 1125 2660 16

93 2709 213 2771 queror,
231 2698 260 2751 et
280 2689 389 2751 bellum
412 2690 542 2768 cupiens,
566 2689 616 2767 qui
634 2689 698 2749 iura
719 2691 800 2768 pacis
820 2708 933 2768 repet).
958 2690 1074 2751 Seilieet
1095 2692 1124 2743 1⁷

59 2777 161 2855 sequia
176 2793 237 2834 non
256 2773 339 2835 aliter
360 2772 429 2834 salvi
443 2775 570 2852 satisque
584 2773 639 2833 tuti
655 2774 681 2832 in
693 2774 820 2853 imperio
832 2775 920 2844 eritis,
939 2774 996 2836 nisi
1013 2773 1073 2835 tet-

94 2861 151 2920 tius
167 2858 272 2919 Picens
288 2864 316 2918 et
332 2858 429 2918 scriba
444 2855 595 2918 Cornelius
617 2855 710 2917 aliena
727 2857 805 2917 bene
826 2865 909 2935 parta
928 2858 1073 2938 prodege-

92 2945 169 3003 rint:
199 2943 254 3002 nisi
276 2940 471 3018 adprobaritis
489 2957 591 3001 omnes
620 2941 866 3018 proscriptionem
887 2944 1073 3004 innoxiorum

93 3026 131 3086 nb
154 3025 281 3093 divitias,
314 3025 460 3085 eruciatus
481 3026 611 3085 virorum
633 3021 808 3093 illustrium,
832 3031 941 3087 vastam
968 3024 1074 3086 urbem

94 3109 163 3186 suga
185 3115 214 3169 et
235 3107 389 3177 caedibus,
421 3107 499 3168 hona
523 3108 628 3168 civium
649 3107 825 3169 miserorum
847 3111 929 3188 qnasi
950 3107 1073 3170 Cimbri·

58 3212 160 3255 eseam
187 3192 328 3271 praedam
349 3209 472 3252 vaenum
498 3198 548 3252 aut
575 3191 652 3251 done
675 3188 780 3254 datam.
805 3193 842 3252 At
860 3191 985 3252 obiectat
1002 3193 1073 3254 mihi
1094 3195 1124 3247 18

91 3277 291 3356 possessiones
313 3293 349 3336 ex
364 3275 449 3336 bonis
468 3275 719 3353 proscriptorum:
742 3276 821 3355 quod
833 3275 960 3354 ,quidem
981 3275 1071 3337 seele-

90 3378 159 3421 rum
179 3359 255 3422 illius
280 3359 325 3421 111
349 3376 519 3420 maxumum
540 3366 598 3428 est,
629 3375 689 3418 non
712 3378 759 3421 me
780 3377 875 3438 neque
897 3376 1072 3438 quemquam

91 3446 222 3505 omnium
243 3446 311 3505 satis
334 3450 427 3505 tutum
449 3442 546 3512 luisse,
567 3443 690 3504 sirecte
712 3442 883 3505 laceremus.
906 3442 995 3521 Atqui
1015 3443 1076 3510 illa,
