2378 3864
238 181 280 223 nn
302 180 404 223 annno
427 179 627 223 rvevsrmno
651 179 677 221 c.
700 172 868 228 414145.
1003 166 1043 228 do

59 329 139 399 citui,
164 326 271 390 milites
294 329 424 390 scribere
452 329 595 407 praesidia
621 331 749 408 undique
778 347 938 399 accersere,
963 349 1043 392 arma

59 412 126 484 tela,
148 429 240 491 equos
262 422 290 474 11
312 420 409 473 cetera
431 415 623 475 instrumenta
644 412 761 476 militiae
785 431 905 491 parare,
929 415 1043 477 adhoc

60 503 248 559 conmeatum
263 496 397 566 adfatim,
414 497 539 575 denique
556 499 665 567 omnia,
686 516 760 576 quae
777 499 807 558 in
824 498 997 559 belloverio
1014 506 1043 560 et

59 579 221 642 multarum
242 598 342 642 rerum
361 583 457 659 egenti
478 583 544 642 usui
567 598 631 642 esse
652 581 754 644 solent.
801 580 938 645 Ceterum
957 582 994 642 ad
1009 596 1070 646 ead

38 664 204 746 spatranda
224 671 342 726 senatus
364 666 549 734 anctoritate,
573 666 644 726 socii
664 682 832 744 nomenque
858 665 993 726 Latinum
1015 675 1044 727 11

59 765 146 827 reges
161 748 239 809 ultro
258 748 363 810 auxilia
378 749 532 818 mittundo,
544 754 691 827 postremo
707 751 801 809 omnis
816 750 915 810 civitas
927 767 1042 810 summo

58 832 156 894 studio
170 831 364 893 adnitebatur.
398 831 499 910 ltaque
515 850 551 893 ex
572 834 714 894 sententia
731 832 867 895 omnibus
884 833 974 895 rebus
989 843 1067 912 pa·5

59 918 129 977 ratis
150 916 368 997 conpositisque
389 917 419 976 in
441 915 606 976 Numidiam
627 916 837 994 proficiscitur,
865 935 971 995 magna
991 934 1043 996 spe

36 1064 38 1068 ,
59 1001 167 1062 civium
189 1017 257 1061 cum
277 1007 399 1078 propter
416 1001 486 1060 artis
499 999 593 1060 bonas
606 1007 670 1060 tum
688 1018 824 1062 maxume
840 1001 919 1079 quod
939 1001 1042 1062 advor-

27 1101 125 1144 111111
143 1083 256 1144 divitus
273 1084 413 1144 invictum
427 1084 555 1144 animum
574 1082 695 1159 gerebat
709 1092 738 1144 et
756 1085 873 1146 avaritia
890 1085 1042 1163 magistra·

59 1179 142 1229 tuum
168 1173 236 1228 ante
263 1167 293 1227 id
319 1174 434 1245 tempus
458 1167 487 1226 in
512 1166 646 1227 Numidia
667 1175 785 1229 nostrae
809 1185 880 1247 opes
904 1177 1042 1229 contusae

58 1252 245 1329 hostiumque
267 1258 370 1311 auctae
391 1259 483 1311 erant.
637 1328 640 1333 ν

142 1333 195 1395 Set
214 1333 266 1395 ubi
284 1335 315 1394 in
335 1334 462 1395 Africam
484 1335 578 1402 venit,
600 1335 744 1395 exercitus
764 1336 790 1395 ei
811 1335 935 1395 traditur
957 1353 973 1394 a
992 1335 1041 1413 Sp.
1051 1335 1091 1395 44

58 1417 241 1496 1111111111
270 1416 390 1478 consule
414 1419 495 1480 iners
520 1415 650 1488 inbellis,
678 1435 774 1495 neque
802 1417 926 1495 periculi
946 1436 1042 1497 neque

28 1514 50 1558 11
58 1501 169 1564 laboris
188 1503 317 1579 patiens,
339 1499 438 1580 lingua
457 1519 545 1579 quam
567 1519 655 1562 manu
674 1503 853 1578 promptior,
884 1502 1041 1580 praedator

59 1605 95 1648 ex
116 1585 205 1646 sociis
227 1593 256 1645 et
276 1586 339 1661 ipse
353 1585 463 1662 praeda
478 1585 621 1654 bostium,
641 1587 703 1645 sine
714 1585 840 1663 imperio
854 1592 882 1646 et
899 1585 1039 1646 modestia

57 1668 184 1731 babitus.
221 1670 265 1730 lta
279 1669 452 1746 imperatori
467 1687 542 1729 novo
556 1667 622 1747 plus
637 1686 672 1729 ex
688 1667 771 1730 malis
786 1668 918 1730 moribus
935 1667 1067 1729 sollici-2

58 1752 167 1813 tudinis
190 1770 277 1830 quani
293 1769 329 1812 ex
345 1755 428 1831 copia
442 1751 566 1813 nlilitum
588 1753 676 1814 auxili
690 1761 740 1814 aut
760 1753 823 1832 spei
843 1752 938 1813 bonae
954 1753 1039 1815 adce-

58 1836 155 1898 debat.
199 1835 303 1897 Statuit
329 1843 426 1896 tamen
447 1834 592 1907 111111111,
622 1855 799 1915 quamquam
821 1845 849 1897 11
864 1838 1066 1903 aestivorume

29 1928 175 1998 stempas
187 1920 371 1981 comitiorum
383 1937 467 1980 mora
479 1922 655 1982 inminuerat
666 1930 695 1982 et
706 1921 905 1999 expectatione
922 1929 1041 1982 eventus

59 2004 167 2065 civium
187 2004 300 2064 animos
326 2003 451 2065 intentos
472 2004 606 2082 putabat,
635 2022 694 2065 non
714 2006 796 2083 prius
817 2002 928 2065 bellurn
947 2004 1040 2065 adtin-

58 2103 128 2163 gere
152 2104 241 2164 quam
263 2088 408 2148 maiorum
429 2088 580 2167 disciplina
602 2088 707 2149 milites
729 2087 865 2149 laborare
887 2089 1039 2164 coegisset.

57 2169 131 2232 Nam
153 2168 290 2241 Albinus,
318 2170 384 2232 Auli
411 2171 510 2234 1111111
533 2174 735 2251 exercitusque
765 2171 847 2232 clade
871 2170 1064 2250 perculsuso

57 2263 214 2334 postquam
235 2254 405 2316 decreverat
419 2274 478 2316 non
501 2255 601 2332 egredi
621 2256 786 2332 provincia,
809 2263 951 2333 quantum
966 2264 1039 2318 1111-

27 2338 138 2417 111111
154 2340 331 2400 aestivorum
347 2340 378 2399 in
389 2339 515 2419 imperio
528 2338 590 2407 luit,
609 2338 781 2417 plerumque
803 2337 908 2399 milites
930 2341 1039 2399 stativis

57 2423 161 2483 caetris
181 2421 325 2491 habebat,
348 2425 404 2482 nisi
427 2440 494 2483 curn
517 2423 588 2483 odos
609 2431 658 2483 ant
680 2422 780 2500 pabuli
807 2430 920 2498 egestas
940 2421 1038 2483 locum

56 2515 172 2567 mutare
190 2505 356 2584 subegerat.
380 2507 431 2567 Set
457 2520 555 2583 neque
582 2504 807 2574 muniebantur,
837 2523 933 2583 neque
953 2514 1062 2565 morea

56 2588 176 2651 militari
187 2588 299 2668 vigiliae
318 2589 554 2652 deducebantur:
569 2590 612 2649 uti
623 2591 729 2666 cuique
743 2587 878 2658 lubebat,
896 2588 932 2650 ab
948 2589 1037 2665 signis

56 2673 176 2735 aberat:
194 2672 270 2734 lirae
283 2676 421 2752 permixti
435 2691 501 2734 cum
516 2671 653 2734 militibus
665 2673 714 2734 diu
730 2672 878 2750 noctuque
893 2670 1037 2749 vagaban-

25 2776 49 2819 11
57 2765 120 2819 tur:
143 2766 174 2820 11
187 2756 320 2835 palantes
338 2775 425 2835 agros
446 2765 568 2827 vastare,
589 2756 669 2817 villas
684 2772 862 2834 expugnare,
879 2758 995 2835 pecoris
1009 2766 1037 2816 et

55 2843 271 2921 mancipiorum
293 2842 417 2919 praedas
440 2848 585 2902 certantes
607 2834 708 2919 agere,
732 2855 824 2918 eaque
838 2848 953 2901 mutare
969 2857 1036 2902 oum

55 2924 274 2987 mercatoribus
286 2927 353 2985 rino
374 2925 526 2986 advectitio
542 2932 571 2984 et
584 2924 646 2984 aliis
667 2922 784 2996 talibus,
808 2931 961 3003 praeterea
976 2924 1037 2986 iru-

55 3018 190 3071 mentum
211 3007 330 3089 publice
352 3009 452 3069 datum
475 3007 612 3076 vendere,
632 3025 739 3086 panem
761 3009 791 3067 in
812 3007 873 3069 dies
894 3011 1036 3069 mercari:

56 3103 207 3170 postremo
223 3108 416 3172 quaecunque
438 3091 495 3152 dici
509 3099 559 3151 ant
579 3091 649 3168 llngi
667 3100 778 3170 queunt
799 3092 930 3170 ignaviae
951 3090 1036 3152 luxu·

23 3177 177 3257 aeriaeque
198 3176 322 3253 probra,
345 3177 375 3236 in
395 3175 443 3236 illo
466 3175 596 3236 exercitu
618 3184 722 3236 cuncta
744 3175 827 3237 luere
849 3182 877 3237 et
899 3175 953 3237 alia
975 3193 1035 3236 am·

56 3260 141 3338 plius.
187 3259 238 3321 Set
258 3261 288 3320 in
309 3278 343 3321 ea
364 3259 532 3321 difficultate
546 3256 693 3320 llletellum
714 3277 774 3320 non
789 3261 885 3321 minus
905 3277 993 3338 quam
1006 3261 1036 3318 in
1046 3260 1087 3321 45

56 3344 147 3407 rebus
169 3343 323 3405 hostilibus
337 3360 477 3422 magnum
492 3349 520 3404 et
534 3344 694 3421 sapientem
715 3345 809 3405 virum
824 3344 912 3404 luisse
928 3360 1034 3422 conpe-

56 3430 132 3490 rior:
150 3436 232 3493 tanta
246 3430 438 3508 temperanda
460 3430 535 3490 inter
550 3425 735 3491 ambitionem
749 3427 954 3507 saevitiamque
971 3446 1035 3489 mo·

106 3526 244 3579 8111111.
860 3532 879 3589 5
