2378 3864
136 182 194 245 112
403 198 582 242 onarrosaa
604 199 644 240 er
665 197 844 242 arrarum

133 348 189 410 sibi
202 350 324 428 quisque
340 365 410 427 opes
422 355 473 409 aut
487 348 648 426 patrocinia
663 345 834 426 quaerundo
852 345 1008 408 consilium
1019 345 1110 424 publi·
1169 333 1180 375 ¹

97 447 201 496 tcum
223 437 432 511 conruperant.
454 432 490 491 At
510 438 570 492 tum
590 436 653 492 erat
668 428 795 508 Lepidus
816 428 891 490 latro
917 446 986 491 cum
1007 429 1109 491 caloni·
1170 417 1189 457 ¹¹

133 515 189 577 bus
210 522 239 577 et
257 516 357 595 paucis
379 516 502 586 sicariis,
526 532 652 593 quorum
666 529 753 574 nemo
771 529 830 575 non
850 513 955 574 diurna
977 515 1110 576 mercede
1171 501 1189 541 ¹¹

133 601 219 660 vitam
240 600 408 660 mutaverit:
439 615 516 659 nune
542 604 586 658 est
611 615 666 677 pro
689 595 809 658 consule
831 613 898 657 oum
912 597 1045 677 imperto
1057 614 1110 658 non
1172 584 1183 659 l

134 690 231 762 empto
254 689 299 744 set
320 682 387 743 dato
407 700 423 742 a
445 682 541 752 vobis,
568 699 635 742 cum
656 679 758 758 legatis
779 679 876 741 adbuc
897 681 963 742 iure
986 682 1127 760 parenti-t
1163 668 1186 710 ⁵¹¹

132 765 204 827 bus:
221 767 303 828 etad
321 783 388 826 eum
402 783 580 826 concurrere
597 765 731 824 homines
745 765 876 825 omnium
894 760 1035 826 ordin’um
1047 783 1111 827 con·
1174 751 1184 792 ¹

133 851 311 928 ruptissumi,
330 848 487 927 flagrantes
503 850 600 925 inopia
613 854 641 909 et
656 845 854 924 cupidinibus,
876 846 1027 909 scelerum
1048 866 1111 911 cou-

133 935 254 994 scientia
287 934 435 1010 exagitati,
467 932 572 1012 quibus
595 932 677 1011 quies
697 933 727 990 in
757 929 956 1016 seditionibus,
980 933 1011 992 in
1044 950 1112 1012 pace
1176 919 1189 1015 ¹,

133 1016 236 1078 turbae
252 1023 334 1076 sunt:
359 1016 385 1076 ei
400 1016 556 1076 tumultum
574 1034 610 1075 ex
624 1013 759 1084 tumultu,
781 1013 891 1074 bellum
914 1032 950 1074 ex
972 1013 1052 1076 bello
1071 1034 1112 1077 se·
1176 1003 1181 1042 ¹

132 1107 215 1168 runt,
238 1099 386 1160 Saturnini
408 1098 490 1168 olim,
514 1107 580 1176 post
602 1097 725 1175 Sulpici,
749 1096 816 1158 dein
838 1096 912 1158 lilari
932 1097 1136 1179 Damasippi-r
1162 1085 1185 1125 ¹¹¹

99 1194 116 1244 8
134 1200 205 1262 que,
226 1200 306 1244 nunc
323 1182 424 1261 Lepidi
442 1181 588 1243 satellites.
608 1184 764 1244 Praeterea
777 1179 893 1242 Etruria
906 1187 999 1260 atquo
1013 1200 1112 1245 omnes
1178 1170 1185 1208 ¹

133 1265 273 1346 reliquiae
291 1264 362 1327 belli
382 1267 526 1335 adrectae,
549 1266 704 1345 Hispaniae
723 1264 811 1324 armis
830 1264 980 1334 sollicitae,
1003 1264 1112 1328 llitbri·
1180 1319 1183 1327 .

134 1350 214 1410 dates
234 1351 264 1410 in
287 1350 377 1412 latere
397 1349 580 1428 vectigalium
601 1355 785 1417 nostrorum,
806 1347 913 1426 quibus
933 1347 1033 1411 adbuc
1049 1367 1112 1412 sus·
1179 1337 1184 1375 ¹

133 1439 289 1502 tentamur,
312 1434 389 1494 diem
409 1432 486 1494 bello
507 1433 719 1511 circumspicit:
747 1433 816 1510 quin
838 1437 957 1512 praeter
978 1432 1112 1496 idoneum

133 1517 238 1579 ducem
259 1516 330 1576 nihil
353 1515 436 1578 abest
456 1517 493 1577 ad
512 1516 745 1578 subvortundum
768 1518 937 1599 imperium.
1118 1530 1136 1572 tt

98 1617 115 1668 o
217 1601 302 1673 Quod
317 1619 372 1679 ego
386 1617 437 1661 vos
453 1618 505 1660 oro
521 1606 608 1679 atque
622 1600 756 1670 obsecro,
778 1605 877 1676 patres
895 1600 1063 1679 conscripti,
1084 1606 1112 1661 ut

133 1684 377 1754 animadvortatis,
401 1701 459 1745 neu
480 1685 630 1761 patiamini
644 1683 791 1745 licentiam
807 1681 954 1745 scelerum
970 1685 1056 1764 quasi
1068 1701 1112 1744 ra·
1188 1683 1189 1707 ¹

133 1766 211 1827 hiem
228 1768 264 1828 ad
281 1768 411 1844 integros
423 1774 559 1829 contactu
573 1768 745 1845 procedere.
768 1766 843 1828 Nam
857 1765 910 1828 ubi
920 1766 1016 1828 malos
1030 1784 1111 1846 prae·

132 1853 189 1911 mia
211 1857 365 1921 secuntur,
392 1851 463 1911 haut
490 1850 575 1911 lacile
597 1853 751 1931 quisquam
779 1851 904 1928 gratuito
933 1849 1032 1913 bouus
1061 1857 1109 1913 est.

85 1945 115 1996 ιο
132 1933 175 1996 dn
198 1936 375 2012 expectatis,
401 1934 472 1994 dum
496 1936 626 1996 exercitu
648 1952 753 1995 rursus
776 1935 893 1995 admoto
924 1933 1006 1997 lerro
1029 1943 1136 2016 atquett
1169 1918 1180 1959 ¹

133 2017 250 2079 llamma
269 2018 375 2080 urbem
390 2017 524 2079 invadat?
545 2017 624 2097 quod
643 2017 734 2080 multo
755 2019 877 2097 propius
892 2025 936 2080 est
951 2018 990 2080 ab
1008 2038 1045 2081 eo
1058 2036 1111 2098 quo

133 2104 221 2181 agitat
241 2108 333 2171 statu,
363 2121 450 2182 mam
474 2121 510 2164 ex
528 2119 600 2180 pace
622 2108 651 2163 et
672 2103 828 2163 concordia
850 2103 886 2162 ad
908 2120 992 2165 arma
1012 2101 1110 2171 civilia,

133 2203 207 2264 quae
222 2186 269 2247 ille
286 2186 442 2247 advorsum
458 2187 553 2246 divina
570 2192 598 2247 et
615 2186 743 2247 humana
760 2187 856 2247 omnia
875 2187 960 2264 cepit,
983 2204 1046 2248 nou
1061 2203 1111 2266 pro

133 2286 185 2329 sua
204 2275 254 2329 aut
280 2287 406 2347 quorum
428 2268 544 2331 simulat
568 2271 688 2343 iniuria,
714 2276 760 2331 set
785 2269 883 2347 legum
911 2288 947 2331 ac
973 2269 1112 2333 libertatis

86 2369 113 2419 tl
132 2351 357 2414 subvortundae.
378 2354 480 2431 rigitur
502 2355 580 2414 enim
602 2372 636 2414 ac
654 2353 801 2414 laceratur
819 2355 907 2414 animi
929 2354 1069 2431 cupidine
1087 2358 1137 2414 etti
1173 2337 1183 2377 ¹¹

132 2453 276 2497 noxarum
296 2443 390 2506 metu,
424 2455 529 2515 expers
552 2437 669 2506 consili,
696 2438 825 2516 inquies,
852 2437 926 2498 haec
958 2444 1049 2518 atque
1067 2436 1112 2499 itu

133 2527 293 2598 temptans,
323 2523 425 2582 metuit
447 2523 538 2582 otium
557 2521 617 2581 odit
638 2519 765 2589 bellum,
793 2521 864 2581 luxu
890 2522 979 2599 atque
1000 2519 1112 2583 licentia

134 2604 293 2665 carendum
314 2604 391 2665 videt
407 2611 548 2684 -atque
566 2606 683 2665 interim
703 2604 832 2666 abutitur
853 2610 950 2664 vostra
968 2605 1111 2667 socordia.
1146 2640 1149 2649 ·

85 2697 115 2747 12
132 2687 233 2764 Neque
249 2687 320 2749 mibi
339 2690 408 2748 satis
429 2688 530 2749 consili
552 2694 604 2757 est,
625 2695 736 2749 metum
761 2705 798 2747 an
823 2689 967 2764 ignaviam
996 2706 1036 2750 an
1064 2688 1111 2751 do·

137 2771 278 2829 mentiam
301 2788 364 2830 eam
375 2768 534 2849 adpellem:
559 2773 609 2848 qui
624 2770 765 2832 videmini
779 2772 927 2833 intuentes
945 2780 1031 2835 tanta
1046 2772 1141 2837 mabit
1182 2775 1187 2795 ¹

138 2852 222 2926 quasi
233 2851 451 2931 lulmenoptare
463 2872 495 2915 se
507 2856 629 2933 quisque
641 2873 679 2914 ne
691 2853 829 2931 adtingat,
849 2862 894 2915 set
909 2855 1073 2933 probibere
1083 2874 1118 2919 nc
1135 2915 1138 2921 .

87 2938 118 2990 13
137 2932 236 2992 conari
262 2933 387 3008 quidem.
431 2936 469 2997 Et
497 2955 606 3017 quaeso
632 2938 829 3009 considerate,
859 2958 948 3020 mam
972 2936 1114 3004 corvom

136 3032 236 3076 rerum
256 3022 360 3077 natura
381 3021 426 3079 sit.
445 3021 536 3082 Antea
559 3020 668 3082 malum
690 3021 840 3100 publicum
862 3023 986 3095 occulte,
1010 3024 1114 3089 auxilia

135 3099 231 3176 palam
253 3101 473 3164 instruebantur
502 3114 531 3166 et
557 3123 591 3166 eo
616 3106 686 3167 boni
718 3106 809 3167 malos
837 3107 920 3169 iacile
950 3109 1113 3172 anteibant:

135 3200 214 3244 nunc
239 3201 295 3262 pax
319 3191 347 3243 et
370 3189 524 3248 concordia
553 3189 753 3252 disturbantur
774 3189 885 3269 palam,
915 3191 1138 3256 defendunturs

135 3266 263 3328 occulte:
290 3266 396 3345 quibus
415 3269 462 3330 illa
484 3271 600 3348 placent
621 3275 760 3335 inarmis
782 3284 865 3345 sunt,
893 3293 944 3336 vos
968 3277 1001 3337 in
1023 3285 1112 3339 motu.

86 3354 116 3406 ta
134 3347 208 3418 Quid
236 3354 411 3429 expectatis?
438 3356 493 3413 nisi
523 3355 599 3417 torte
619 3359 711 3436 pudet
732 3363 782 3420 aut
803 3360 883 3437 piget
903 3365 985 3421 recte
1004 3361 1112 3423 lacem.

132 3432 175 3492 An
196 3432 297 3514 Lepidi
326 3437 461 3499 mandata
489 3440 600 3500 animos
626 3443 763 3504 moveret
790 3444 839 3522 qui
860 3443 978 3523 placere
1001 3447 1042 3507 ait
1061 3462 1113 3507 sua

1166 1499 1189 1538 llt
