2378 3864
458 183 643 227 emaum.
999 191 1045 232 vu

61 271 160 350 eritnon
178 300 319 366 iniungere.
340 326 375 338 -
396 302 437 359 52,
450 301 492 350 33.
510 301 566 350 det's
586 307 632 350 ortt
651 299 789 351 laniatione
805 315 827 351 o.
839 299 870 367 1.]
894 304 951 353 deis
973 310 1048 369 atque

59 366 209 420 ltomt'nt'dua.
228 394 260 406 -
278 370 319 424 ut,
332 369 373 419 35.
399 366 476 419 Urbis
498 367 636 416 etiamnum
653 367 783 432 glossema
804 368 899 421 iudico.
915 395 950 407 -
963 379 1051 555 iontem

60 438 159 488 aarum
176 449 199 484 o.
212 431 246 502 l.]
264 440 360 486 occulte
376 440 471 500 potest.
483 459 517 470 -
534 435 576 494 53,
589 435 631 486 36.
650 450 697 500 rao
708 436 746 485 tta
758 434 810 497 (ed.
821 436 898 498 1864)
917 439 939 490 e.
951 437 971 488 1.
1003 440 1046 498 ita,

58 527 94 541 -
111 504 154 562 53,
167 503 192 552 5.
209 502 377 552 Vehementer
394 501 501 552 laetatus
520 515 591 562 sum,
618 502 688 564 quod
705 502 745 552 Fr.
758 501 855 552 llitsohl
872 504 951 575 (llus,

60 567 152 622 KXlt
169 585 197 634 p.
209 570 271 632 816)
296 569 360 619 mihi
382 569 508 619 adsensus
530 577 582 629 est,
611 568 696 619 loouru
718 569 843 620 vocabulo
869 571 966 622 omisso
988 587 1049 623 aon·

57 647 163 702 raptum
181 637 344 687 statuendum
366 637 453 702 potius
476 650 547 697 esse,
574 650 650 698 quam
671 638 873 687 emendationem
895 639 1049 690 deteriorum

59 705 183 754 librorum
201 706 280 770 effeta
294 709 405 770 parente
421 703 607 768 accipiundum,
626 703 703 754 otiam
719 705 892 755 vehementius
910 707 980 768 quod
996 722 1048 758 non

57 779 157 833 aetate,
184 783 224 823 aet
243 774 269 821 oi
289 771 418 821 excidisse
439 771 526 821 doouit
551 770 687 832 locumque
713 781 817 837 optuma
841 772 994 826 inlustravit.
1014 801 1048 813 -

59 841 101 899 at,
115 840 139 890 5.
157 837 212 906 uta]
231 838 335 891 illuml.
365 838 434 888 Illud
451 838 543 887 retinui
560 852 612 887 uon
636 840 668 888 ob
690 838 812 889 librorum
833 840 946 903 aliquam
963 841 1048 902 fldem,

56 918 98 957 set
116 906 149 955 ob
167 907 307 957 sententiae
327 907 531 957 oonolnnltatetn.
552 930 586 943 -·
607 907 687 965 55,1.
707 904 841 972 tresomot]
865 909 1010 960 triumuiros
1026 911 1046 960 l.

57 975 105 1025 Ad
121 987 179 1022 oum
196 973 299 1024 delendi
317 987 396 1039 posse
414 973 537 1034 videatur,
556 972 617 1023 nolo
635 974 798 1038 suspiciones
816 975 897 1038 sequi.
915 1001 949 1014 -
966 979 1008 1037 55,
1020 980 1046 1029 3.

56 1042 207 1092 metridatis
223 1041 346 1092 librorum
362 1040 414 1091 ilde
430 1041 633 1091 tommendatur:
652 1042 678 1089 in
696 1051 766 1091 tanta
784 1041 820 1091 rei
833 1042 986 1094 obseurltate
998 1059 1047 1109 ego

1009 521 1049 558 dll-

58 1107 122 1157 nihil
138 1107 283 1159 ducernere
300 1109 393 1159 audeo.
410 1133 444 1145 -
465 1109 507 1168 55,
519 1110 545 1161 5.
563 1107 649 1158 Verba
665 1110 777 1158 uindices
798 1125 882 1160 remon
902 1112 1047 1175 capitalium
1118 1120 1124 1132 “

56 1173 1047 1310 ‚immutuit'‘sitit'tzsullu¹;ltlt²ltt.littttt

59 1309 198 1374 perieram,
225 1325 302 1372 quam
324 1311 352 1359 in
374 1308 497 1360 Sallustio
523 1309 604 1358 mnae
625 1319 702 1372 atqua
724 1311 869 1361 inoouditae
891 1313 1045 1363 narrationis

57 1378 153 1427 erimar
176 1377 329 1441 relinquam.
350 1403 384 1415 -
406 1377 486 1438 57,4.
512 1375 532 1425 l.
550 1377 627 1426 verbu
648 1378 677 1426 ιἰι
695 1377 760 1442 fuya
783 1377 865 1428 deleta
886 1379 948 1430 volt.
984 1379 1047 1430 llihi

58 1458 186 1509 proxume
203 1446 237 1495 ud
253 1459 342 1494 rarum
358 1445 503 1495 adcessissa
520 1443 562 1494 lt.
575 1442 672 1493 Ritsohl
690 1443 789 1494 videtur
803 1444 881 1506 (Mus.
892 1445 975 1496 Rhen.
994 1447 1011 1496 l.
1025 1452 1046 1498 ι’.

79 1510 161 1571 313)
178 1514 315 1576 sepedum
332 1510 568 1576 tardatos-insum
585 1510 818 1561 soribiiubens.-
835 1513 878 1576 53,
888 1514 912 1563 5.
992 1517 1047 1565 loeo
1130 1573 1134 1578 ,

58 1526 113 1636 fed.
127 1579 204 1643 1864)
222 1577 252 1645 1.]
271 1595 320 1646 qno
336 1580 364 1629 t'o
380 1582 445 1632 looo.
462 1604 497 1616 -
513 1579 556 1639 58,
569 1581 594 1631 9.
613 1582 654 1628 sla
670 1593 693 1628 o.
706 1578 811 1638 lininio,
829 1579 857 1629 id
871 1595 926 1696 ΙἹιιο
961 1579 1045 1631 latini·

58 1657 97 1696 tas
116 1645 239 1711 postulat,
257 1647 391 1696 restituere
406 1646 494 1706 malui,
513 1660 590 1709 quam
607 1646 694 1695 atriote
710 1661 726 1695 a
742 1646 852 1697 librariis
889 1648 990 1697 naolanr
1001 1649 1045 1699 ad·

58 1715 154 1778 pletum
172 1728 230 1764 esse
242 1729 345 1778 negare.
357 1739 392 1751 -
409 1715 452 1777 58,
459 1715 499 1767 11.
516 1729 566 1779 pro
575 1715 692 1778 potentia
702 1729 840 1779 paucorum
848 1731 965 1781 paquara
982 1713 1044 1782 ol]

55 1795 173 1844 pannem
188 1795 238 1845 pro
275 1782 371 1832 olentia
385 1796 533 1845 pmtoorton.
544 1806 578 1817 -
595 1782 693 1841 68,12.
710 1783 897 1847 odmedtamtat
912 1798 934 1837 o.
946 1780 979 1850 t]
999 1785 1046 1834 ud-

56 1847 200 1912 oredt'mt'ai.
268 1862 405 1912 numquam
431 1849 588 1913 inperativns
611 1849 716 1913 gravior
741 1858 766 1899 at
791 1847 914 1900 catilinae
942 1852 1046 1916 iugenio

57 1915 142 1979 aptior
158 1915 267 1967 videtur.
284 1939 318 1952 -
335 1916 377 1976 53,
390 1917 415 1966 5.
434 1917 530 1965 tumlti
565 1919 680 1967 mattos
697 1915 717 1969 1.
752 1916 877 1967 lnoertum
895 1918 958 1968 milri
974 1918 1046 1968 vida·

58 1991 107 2042 tur,
126 1996 187 2030 num
204 1981 346 2047 singularia
363 1983 510 2046 etantiqua
527 1984 532 1995 '
597 1998 664 2045 quaa
678 1984 706 2031 in
717 1984 807 2048 paneis
825 1994 869 2034 aut
879 1986 906 2034 in
918 1999 969 2035 uno
980 1985 1045 2035 libro

58 2049 230 2111 inveniuntur,
249 2051 473 2115 grammatloornm
490 2049 677 2115 praeiudicatae
695 2051 811 2115 opinioni
828 2066 858 2100 ao
874 2054 984 2116 pruritui
1002 2052 1045 2102 do·

58 2117 173 2177 beantur,
191 2131 224 2166 an
240 2118 268 2165 ia
285 2117 372 2167 multat
409 2131 424 2166 o
442 2126 544 2168 servata
560 2132 606 2181 per
623 2118 727 2182 ignaros
745 2118 771 2167 ln
789 2117 904 2183 volgaria
916 2129 941 2169 et
953 2120 1046 2170 usitata

57 2193 212 2233 commutata
234 2185 296 2238 sint.
313 2209 347 2221 -
370 2131 412 2244 gg,

58 2250 136 2300 libror
155 2251 321 2316 arminiam,
340 2265 423 2312 nequa
438 2250 520 2310 libris,
546 2260 680 2302 utcontra
696 2267 772 2302 usum
789 2267 819 2302 ao
836 2255 1046 2303 consuetudinem

58 2317 208 2365 Latinorum
229 2333 283 2367 oum
304 2318 406 2379 infestis
426 2320 506 2383 munis
551 2319 673 2368 enuinum
699 2334 758 2369 essa
779 2321 888 2370 aradam.
909 2345 944 2358 -
965 2321 1008 2385 tt,
1021 2324 1045 2372 8.

58 2383 144 2434 Verba
166 2383 216 2433 alio
237 2383 299 2432 alt'bt'
322 2390 434 2445 atnam,
460 2399 526 2446 qnae
565 2386 626 2436 iom.
644 2388 733 2450 MSS
759 2396 785 2436 at
806 2386 938 2438 Charisius
956 2391 1046 2453 p.1so

58 2465 110 2500 uno
128 2463 257 2500 consensu
278 2464 337 2500 oum
354 2465 439 2501 omnes
459 2457 543 2500 tmen
558 2453 677 2502 αιὶιοιιίι
691 2453 835 2503 solaribus
855 2456 943 2504 innota
965 2455 1046 2504 inissa

59 2517 225 2578 tradiderunt,
249 2527 277 2567 ut
294 2532 352 2566 oum
369 2516 478 2566 lordono
497 2531 582 2566 errore
602 2519 741 2568 memorias
763 2533 795 2567 ax
813 2521 884 2580 50,5
905 2523 970 2571 alios
986 2522 1048 2572 alt'dt

58 2587 202 2636 sarmentis
219 2584 286 2635 mala
302 2584 411 2635 eonllata
428 2599 486 2635 essa
502 2585 604 2634 oradm
622 2597 674 2634 non
690 2584 813 2636 addnoor.

124 2649 194 2716 lug.
214 2653 238 2712 1,
251 2654 276 2703 5.
294 2668 326 2703 aa
341 2654 484 2718 ponticlum
501 2667 535 2701 ax
552 2652 664 2717 August.
682 2651 766 2718 uun
833 2652 913 2704 dall.
942 2655 1046 2717 Aequa·

58 2719 154 2769 bilitate
171 2720 343 2768 membrorum
360 2719 439 2770 multo
456 2721 541 2786 magis
558 2721 768 2771 commendantur
790 2721 795 2732 ¹
854 2721 944 2782 verba,
969 2737 1045 2784 quam

58 2801 124 2848 qnae
135 2787 154 2839 l.
175 2783 203 2837 C.
214 2787 239 2846 5,
249 2789 271 2837 3
282 2787 421 2837 inseranda
436 2788 544 2852 putavit.
571 2785 643 2846 Quod
660 2788 687 2837 in
704 2787 773 2838 nullo
790 2786 856 2837 libro
868 2790 964 2854 semota
975 2801 1044 2855 suut,

59 2864 125 2903 oens
142 2853 295 2904 documento
313 2864 365 2914 ast,
390 2869 476 2905 omnes
495 2855 574 2905 libros
596 2870 629 2904 ex
653 2870 702 2906 nno
721 2853 807 2905 trehet
824 2869 859 2921 po
877 2855 995 2910 lluxisse.
1012 2882 1045 2895 -

58 2922 119 2979 3,1.
148 2920 245 2970 Lounm
266 2923 388 2972 constitui
409 2923 549 2973 seeundum
571 2937 617 2987 ea,
645 2937 711 2985 quaa
732 2922 751 2972 li
820 2923 918 2974 issume
938 2939 979 2974 me
1000 2924 1044 2974 W.

59 2987 215 3048 Rosoher,
232 2989 332 3039 iuvenis
350 2989 533 3049 doetissumns,
551 3004 598 3054 per
614 2989 710 3040 litteras
726 2991 835 3042 monuit.
854 3015 885 3027 -·
907 2992 934 3052 t,
945 2992 972 3041 t.
990 2995 1044 3057 qul·

58 3054 104 3104 bnt
120 3080 155 3091 -
176 3057 286 3121 adeptu
306 3072 360 3107 stoa
381 3060 469 3123 quales
491 3072 549 3107 oum
570 3056 665 3107 Kritzio
688 3056 739 3120 (ed.
753 3059 818 3109 1853
840 3071 874 3106 ex
895 3057 1044 3123 Illbsrlingii

58 3120 227 3188 coniectum]
247 3124 355 3189 adeptus
372 3126 425 3190 ιίιι
436 3131 462 3175 el
478 3127 566 3190 quales
583 3124 603 3178 l.
622 3139 680 3174 oum
696 3124 777 3175 libris.
813 3122 868 3182 Quo
885 3124 964 3174 modo
982 3124 1045 3175 haee

58 3189 185 3254 scriptura
214 3199 239 3240 et
267 3191 366 3256 logieae
399 3193 492 3242 rationi
527 3201 551 3241 et
578 3189 681 3241 Sallusti
710 3191 874 3241 oonoinnitatl
901 3192 1043 3253 conveniat,

57 3270 110 3305 non
127 3257 238 3310 invenio.
261 3283 295 3294 -
316 3260 343 3318 l,
355 3260 379 3309 7.
397 3259 437 3309 lis
452 3256 572 3323 moritus]
595 3258 616 3307 l.
635 3261 672 3309 eia
692 3259 810 3310 mribus.
827 3283 861 3295 -
884 3259 909 3318 5,
921 3261 945 3311 3.
962 3273 1043 3324 eupr-

57 3325 125 3374 dt‘am
147 3323 180 3373 ob
202 3326 413 3375 consuetudinem
435 3323 541 3375 Sallusti
567 3324 688 3387 illiusque
707 3323 808 3388 aetatis]
831 3326 944 3391 mpedlo
965 3325 985 3376 1.
1011 3342 1043 3376 ax

57 3390 137 3440 libris.
155 3417 189 3428 -
206 3393 231 3452 5,
244 3394 269 3445 t.
287 3389 392 3458 Susoee]
411 3393 530 3458 Sypltaoe
547 3393 567 3445 1.
585 3418 619 3429 -
635 3394 660 3453 5,
673 3394 699 3448 5.
715 3394 764 3445 aad
779 3393 883 3442 retinuit
899 3391 920 3442 l.
947 3389 1040 3458 Suspa

57 3466 125 3507 stum
141 3456 191 3507 luit
207 3457 259 3508 iam
275 3468 335 3511 ante
351 3474 392 3510 ma
408 3457 520 3510 Linkaro
537 3469 562 3510 et
579 3458 704 3524 Bojasaao
724 3455 782 3527 [qul
798 3465 825 3511 et
841 3454 979 3525 oonraxitJ.
1007 3459 1044 3510 Νι

425 2186 450 2233 l.
468 2181 556 2246 Neque
573 2181 656 2234 Nouio
679 2194 777 2235 tantum
798 2185 882 2235 tribuo
909 2196 937 2236 nt
957 2196 1046 2237 eontra
