2378 3864
224 183 266 224 on
289 177 394 225 nanno
416 183 618 226 rvovnrnmo
643 184 670 226 c.
693 174 738 230 56.
758 174 800 230 st.
824 175 867 228 58.
996 164 1036 226 ts

55 333 92 393 At
113 331 172 400 ille,
196 348 269 409 quae
289 331 498 409 parabantura
519 334 650 410 perfugis
668 333 802 402 edoctus,
824 332 936 411 magnis
954 332 1064 398 itiam-2

55 416 139 476 ribus
151 413 299 477 bletellurn
311 418 469 476 antevenit:
485 417 645 494 oppidanos
660 416 795 478 hortatur
807 416 922 477 moenia
936 416 1037 478 delen·

57 501 136 569 dant,
157 498 260 575 additis
282 498 387 558 auxilio
407 499 546 577 perfugis,
571 501 648 578 quod
674 518 765 578 genus
785 519 820 562 cx
844 500 934 577 copiis
948 501 1036 578 regis,

56 585 124 663 quia
136 581 240 644 fallere
254 581 401 660 nequibat,
418 583 626 645 firmissumum
636 591 873 663 eratapraeterea
884 582 1037 661 pollicetur

32 670 85 730 sin
108 675 243 744 tempore
263 672 356 728 semet
379 685 446 728 cum
469 669 597 729 exercitu
620 668 729 729 adfore.

141 751 184 811 Ita
210 750 366 827 conpositis
391 749 480 812 rebus
508 753 537 811 in
561 752 625 812 loca
648 770 735 830 quam
761 770 898 814 maxume
925 751 1065 815 occultat

56 835 189 904 discedit,
204 852 239 894 ac
253 840 320 911 post
334 833 420 911 paulo
437 838 587 913 cognoscit
601 835 724 898 Marium
736 856 772 898 ex
789 837 892 898 illnere
907 836 1037 896 frumen·

55 928 149 980 tatum
171 935 238 979 cum
254 919 354 995 paucis
370 919 539 980 cohortibus
563 920 674 996 Siccam
697 922 832 990 mIssum,
854 920 933 998 quod
956 920 1037 997 oppi-

57 1004 128 1065 dum
150 1003 279 1080 primum
295 1003 424 1062 omnium
446 1008 513 1079 post
529 1003 635 1064 malam
656 1022 784 1083 pugnam
808 1004 843 1065 ab
864 1019 934 1080 rege
957 1003 1037 1064 dele·

23 1094 148 1150 rocerat.
180 1085 223 1147 Eo
239 1103 305 1146 cum
320 1085 440 1146 delectis
454 1087 599 1165 equitibus
615 1096 704 1149 noctu
718 1090 817 1166 pergit
835 1095 863 1149 et
881 1089 938 1147 iarn
954 1100 1064 1164 egre-c

56 1170 204 1232 clientibus
217 1169 356 1230 Romanis
370 1171 399 1229 in
411 1176 495 1246 porta
510 1187 639 1247 pugnam
650 1172 732 1233 lacit:
749 1172 835 1233 simul
849 1188 953 1250 magna
967 1188 1039 1232 voce

56 1254 202 1316 Siccensis
223 1252 370 1323 hortatur,
400 1254 441 1315 uti
469 1249 598 1315 cohortis
620 1255 656 1315 ab
682 1260 765 1333 tergo
794 1256 1037 1330 circumveniant:

56 1338 205 1398 fortunam
218 1335 273 1397 illis
287 1336 431 1413 praeclari
449 1337 587 1398 facinoris
599 1356 698 1400 casum
714 1339 801 1400 dare:
823 1340 848 1399 si
861 1339 890 1399 id
905 1338 1037 1407 iecerint,

56 1428 158 1500 postea
180 1437 244 1482 sese
264 1421 294 1481 in
316 1437 424 1497 regno,
444 1419 508 1482 illos
531 1423 561 1481 in
580 1421 715 1484 libertate
729 1423 791 1484 sine
812 1428 892 1484 metu
915 1428 1038 1483 aetatem

24 1513 184 1570 nacturos.
225 1504 267 1564 ho
289 1505 319 1564 ni
336 1503 444 1567 Marius
466 1507 548 1584 signa
563 1506 673 1568 inferre
691 1512 778 1586 atque
794 1507 917 1568 evadere
931 1505 1066 1583 oppidoo

55 1588 286 1668 properavisset,
306 1588 438 1665 prolecto
460 1591 557 1650 cuncti
578 1596 628 1650 aut
649 1608 753 1669 magna
775 1607 844 1668 pars
859 1590 1039 1651 Siccensium

57 1674 145 1734 fidem
156 1672 361 1734 mutavissent:
378 1679 455 1734 tanta
466 1672 626 1735 mobilitate
636 1691 701 1735 sese
712 1675 853 1735 Numidae
862 1681 979 1755 gerunt.
989 1672 1064 1733 Seto

55 1756 161 1818 milites
178 1754 358 1832 Iugurthini,
381 1755 529 1834 paulisper
552 1756 588 1818 ab
608 1775 680 1836 rege
696 1760 861 1828 sustentati
884 1764 1039 1836 postquam

55 1843 168 1902 maiore
185 1841 215 1899 ri
231 1838 330 1900 hostes
343 1847 480 1916 urguent,
503 1843 603 1919 paucis
619 1844 730 1904 amissis
744 1843 862 1921 profugi
877 1841 1038 1903 discedunt.

24 1944 47 1984 :o
140 1923 250 1984 illarius
270 1922 307 1984 ad
330 1923 447 1985 Zamam
469 1926 611 2002 pervenit.
652 1927 685 1986 ld
709 1928 861 2005 oppidum,
884 1928 913 1987 in
934 1923 1087 2002 campobl

55 2010 152 2077 situm,
176 2008 268 2084 magis
282 2024 372 2084 opere
387 2025 475 2086 quarn
490 2017 594 2071 natura
608 2012 752 2072 munitum
767 2016 838 2080 erat,
855 2009 962 2070 nullius
977 2009 1039 2068 ido·

55 2111 129 2154 neae
149 2091 193 2152 rei
210 2107 308 2168 egens,
325 2093 414 2152 armis
435 2094 561 2173 virisque
584 2093 763 2171 opulentum.
795 2094 886 2170 Igitur
907 2089 1065 2153 ldetellus2

55 2194 109 2253 pro
126 2182 261 2252 tempore
279 2181 365 2254 atque
379 2176 444 2237 loco
458 2179 567 2254 paratis
588 2176 677 2238 rebus
690 2183 798 2253 cuncta
819 2176 935 2237 moenia
955 2192 1038 2236 exer-

56 2263 114 2322 citu
126 2260 326 2329 circumvenit,
339 2258 629 2337 legatisimperatubi
641 2262 763 2339 quisque
779 2268 904 2321 curaret.
927 2257 1063 2320 Deindct

24 2346 140 2424 assigno
164 2343 231 2404 dato
249 2343 379 2422 undique
400 2343 486 2403 simul
508 2342 618 2404 clamor
640 2345 742 2422 ingens
763 2346 866 2413 oritur,
888 2360 984 2421 neque
1005 2359 1040 2402 ea

55 2446 103 2490 res
115 2427 258 2490 Numidas
272 2432 378 2488 terret:
394 2427 498 2488 Inlensi
513 2428 675 2507 intentique
687 2429 750 2489 sine
764 2427 890 2489 tumultu
906 2432 1039 2487 manent:

55 2510 202 2589 proelium
226 2511 372 2589 incipitur.
421 2510 560 2582 Romani,
586 2528 641 2589 pro
661 2512 778 2589 ingemo
804 2512 938 2590 quisque,
970 2524 1065 2587 parst

57 2598 172 2658 eminus
188 2593 293 2672 glande
308 2601 357 2656 aut
368 2593 514 2673 lapidibus
528 2610 671 2673 pugnare,
688 2594 735 2656 alii
749 2593 909 2656 succedere
925 2611 960 2652 ac
975 2610 1040 2652 mu·

56 2697 124 2742 rum
140 2679 229 2739 modo
245 2678 404 2740 subfodere
419 2680 507 2739 modo
523 2678 608 2740 scalis
622 2679 758 2756 adgredi,
772 2695 882 2756 cupere
896 2675 1040 2756 proelium

24 2765 86 2828 :oin
108 2761 246 2824 manibus
263 2762 371 2825 lacere.
405 2762 513 2824 Contra
536 2781 570 2826 ea
585 2764 722 2843 oppidani
742 2764 771 2823 iu
793 2778 955 2840 proxumos
973 2774 1068 2824 sarab

56 2847 183 2916 volvere,
196 2847 285 2916 sudis,
298 2847 365 2924 pila,
378 2853 531 2924 praeterea
543 2849 638 2926 picem
653 2846 766 2908 sulfure
780 2852 809 2908 et
822 2846 906 2908 taeda
922 2847 1041 2906 mixtam

58 2931 172 2993 ardenti
187 2931 313 2992 mittere.
342 2930 393 2992 Set
407 2948 445 2991 ne
460 2931 525 2991 illos
539 2932 666 3010 quidem,
683 2930 731 3008 qui
747 2929 851 3008 procul
865 2935 1067 2997 manseranto

57 3018 146 3076 timor
161 3015 251 3074 animi
267 3015 336 3074 satis
353 3016 533 3075 muniverat:
549 3022 617 3076 nam
631 3014 788 3093 plerosque
803 3013 897 3076 iacula
911 3020 1041 3074 tormen·
1100 3021 1110 3031 '

59 3102 96 3160 tis
111 3108 163 3161 aut
174 3115 264 3160 manu
282 3098 386 3160 emissa
399 3097 599 3167 vulnerabant,
620 3099 741 3176 parique
757 3098 889 3175 periculo
904 3105 949 3158 set
965 3096 1041 3155 lama

27 3199 49 3240 a:
60 3185 155 3262 inpari
178 3181 249 3242 boni
265 3189 351 3260 atque
366 3181 461 3259 ignavi
478 3188 569 3243 erant.

143 3267 219 3329 llum
235 3266 312 3344 apud
329 3265 445 3326 Zamam
463 3266 506 3325 sic
528 3273 665 3337 certatur,
687 3266 827 3344 Iugurtha
843 3283 879 3328 ex
893 3264 1040 3342 inproviso
1051 3259 1090 3323 58

59 3360 154 3413 eastra
175 3350 302 3413 hostium
318 3367 385 3410 cum
400 3365 504 3426 magna
525 3367 613 3411 manu
633 3351 755 3413 invadit:
778 3349 916 3419 remissis,
940 3347 989 3424 qui
1011 3349 1040 3406 in

58 3433 206 3516 praesidio
222 3442 314 3504 erant,
333 3440 362 3495 et
383 3435 480 3493 omnia
502 3436 593 3514 magis
616 3453 701 3514 quam
723 3433 867 3514 proelium
884 3439 1039 3509 expectan-
