2378 3864
123 170 162 234 78
296 183 339 225 66
361 182 464 225 nonno
488 182 689 226 ruovernmo
714 181 743 225 6.
764 175 807 228 61.
832 175 875 229 66.
897 176 942 230 66.

123 333 309 394 habiturum:
325 333 547 410 abimperatore
563 331 695 393 consulto
710 332 795 403 trahi,
812 332 892 411 quod
907 332 997 394 homo
1012 335 1109 396 inanis

93 424 151 478 661
175 418 274 495 regiae
292 415 449 497 superbiae
459 417 584 494 imperio
604 417 692 477 nimis
713 416 863 495 gauderet
909 415 992 489 Quae
1008 422 1107 485 omnia

123 500 178 563 illis
191 519 225 563 66
240 501 371 562 drmiora
381 499 568 571 videbantur,
584 500 662 578 quod
676 501 865 562 diuturnitate
878 499 948 562 belli
959 519 1010 564 res
1025 502 1109 566 lami·

125 585 205 646 liaris
220 591 433 663 conruperant,
456 591 485 644 et
499 585 596 645 animo
612 586 742 662 cupienti
761 583 834 645 nihil
849 587 919 656 satis
940 585 1107 650 testinatur.

74 671 113 732 65
126 668 196 730 Erat
210 676 363 747 praeterea
382 669 413 728 in
428 669 559 730 exercitu
582 675 683 729 nostro
697 669 822 730 Numida
837 669 970 746 quidam,
987 674 1126 736 nominee

125 752 234 822 Gauda,
250 751 455 814 Mastanabalis
470 751 562 822 lilius,
576 752 745 814 Masinissae
760 770 869 832 nepos,
885 771 974 831 quem
985 754 1106 834 Micipsa
1172 798 1175 825 ,

124 844 298 899 1661666616
309 837 472 898 secundum
486 836 627 897 heredem
641 838 807 915 scripserat,
823 837 936 898 morbis
950 838 1106 902 conlectus
1173 840 1175 855 '

95 921 205 981 66161)
221 938 286 982 eam
307 937 425 982 oausam
455 928 553 981 mente
574 919 724 998 paululum
745 921 897 982 inminuta.
934 921 1106 988 0611116161-

125 1004 170 1064 lus
184 1006 295 1083 petenti
305 1022 388 1066 more
400 1021 504 1082 regum
515 1012 548 1065 ut
559 1004 660 1072 sellam
674 1006 754 1066 iuxta
769 1012 901 1086 poneret,
917 1006 988 1068 item
1003 1016 1104 1084 postea

125 1088 275 1150 custodiae
299 1105 387 1149 causa
412 1096 539 1150 turmam
560 1089 690 1168 equitum
704 1090 920 1160 Romanorum,
945 1095 1132 1171 utrumqoe¹⁰

126 1180 297 1248 negaverat:
314 1172 467 1244 honorem,
483 1173 562 1251 quod
574 1191 677 1234 eorum
695 1191 780 1235 more
796 1174 873 1235 loret
886 1192 961 1254 quos
977 1176 1105 1254 populus

125 1255 274 1318 Romanus
289 1275 374 1336 reges
388 1256 597 1337 adpellavisset,
612 1258 801 1335 praesidium,
817 1259 896 1336 quod
911 1259 1104 1321 contumelio·

125 1358 190 1401 sum
205 1341 235 1401 in
250 1359 301 1402 eos
317 1341 408 1413 loret,
431 1343 456 1403 si
471 1343 584 1420 equites
598 1341 721 1402 Romani
735 1341 873 1403 satellites
887 1341 1033 1405 Numidae
1046 1352 1103 1405 tre·

94 1425 273 1486 ederentur.
308 1426 393 1486 llunc
407 1426 517 1487 Marius
531 1426 650 1487 anxium
665 1425 835 1504 adgreditur
850 1433 937 1504 etque
957 1427 1102 1498 hortatur,

122 1516 156 1569 ut
177 1509 420 1571 contumeliarum
442 1512 471 1570 16
482 1507 691 1589 imperatorem
705 1528 773 1570 cum
794 1527 847 1571 suo
863 1508 972 1572 auxilio
994 1521 1103 1590 poenas
1111 1517 1130 1558 ¹⁸

123 1600 219 1670 petat:
229 1592 378 1655 houimem
390 1593 428 1653 ob
441 1593 559 1655 morbos
572 1594 669 1654 animo
680 1611 785 1672 parum
797 1594 890 1654 valido
899 1596 1031 1657 secunda
1040 1615 1103 1658 ora·

123 1678 203 1738 tione
218 1677 342 1738 extollit:
362 1676 444 1739 illum
459 1695 570 1755 regem,
586 1679 734 1753 ingentem
750 1680 852 1748 virum,
868 1678 1039 1741 Masinissae
1053 1699 1103 1741 ne·

124 1765 224 1838 potem
239 1777 318 1821 esse:
335 1760 513 1838 silugurtha
528 1768 630 1839 captus
649 1768 698 1822 aut
715 1763 829 1823 occisus
844 1762 931 1830 loret,
947 1763 1103 1842 imperium

123 1841 276 1904 Numidiae
290 1844 353 1904 sine
367 1861 451 1903 mora
465 1842 648 1905 habiturum:
668 1846 698 1906 id
714 1847 787 1907 adeo
802 1853 916 1907 mature
931 1865 1022 1926 posse
1038 1867 1101 1910 eve·

94 1927 199 1995 46166,
220 1926 245 1986 61
264 1927 327 2006 1666
348 1927 450 1987 666661
472 1927 508 1987 ad
530 1928 560 1988 id
580 1927 689 1989 bellum
705 1931 811 1990 missus
834 1930 919 1991 loret.
956 1931 1059 2011 ltaque
1073 1936 1128 1994 et²⁶

123 2008 204 2070 illum
220 2018 250 2070 61
264 2010 376 2090 equites
388 2010 543 2080 Romanos,
560 2011 666 2074 milites
678 2021 707 2072 et
717 2013 923 2089 negotiatores,
940 2014 1012 2077 61166
1027 2018 1099 2096 1666,

123 2092 281 2171 plerosque
299 2095 380 2172 pacis
395 2112 462 2172 spes
476 2094 602 2174 inpellit,
627 2098 669 2156 uti
685 2096 807 2158 Romam
823 2097 861 2157 ad
880 2115 949 2158 suos
964 2117 1100 2162 necessa·

123 2179 184 2238 rios
198 2196 301 2256 aspere
322 2180 351 2238 in
367 2178 514 2240 Metellum
533 2179 570 2240 de
585 2179 662 2240 bello
677 2180 822 2251 scribant,
843 2181 966 2243 Marium
973 2184 1100 2262 1666666-

92 2267 215 2323 otonem
236 2272 366 2341 poscant.
396 2260 446 2320 Sic
463 2263 503 2324 illi
526 2283 542 2324 a
564 2265 663 2324 multis
683 2264 856 2327 mortalibus
882 2266 1100 2330 honestissuma

121 2346 329 2424 suffragatione
359 2346 527 2408 consulatus
553 2349 723 2427 petebatur:
752 2348 838 2410 simul
866 2368 900 2410 66
927 2355 1129 2431 tempestate²⁵

121 2428 222 2508 plebes
232 2429 382 2492 nobilitate
393 2431 457 2492 fusa
468 2449 522 2510 per
544 2432 638 2511 legem
654 2433 809 2494 Mamiliam
821 2450 912 2494 novos
936 2435 1103 2498 extollebat

123 2515 164 2574 lta
180 2515 271 2577 Mario
287 2522 392 2577 cuncta
408 2518 579 2594 procedere.

71 2600 110 2662 66
208 2599 327 2661 interim
349 2601 502 2679 iugurtha,
527 2610 680 2680 postquam
702 2604 809 2662 omissa
824 2601 971 2662 deditione
992 2602 1105 2667 bellum

122 2684 234 2761 incipit,
259 2702 326 2745 cum
341 2701 447 2761 magna
470 2701 539 2744 cura
561 2701 667 2762 parare
681 2687 794 2753 omnia,
819 2685 970 2754 festinare,
995 2705 1105 2766 cogere

122 2771 299 2829 exercitum:
323 2770 468 2839 civitates,
485 2786 559 2846 quae
574 2767 610 2827 ab
626 2785 657 2828 se
673 2767 855 2836 deiecerant,
880 2767 1038 2831 formidine
1055 2776 1132 2836 aute

122 2851 296 2911 ostentando
310 2854 441 2931 praemia
456 2851 618 2921 adfectare,
634 2853 807 2912 conmunire
822 2869 892 2912 suos
905 2849 1004 2922 locos,
1021 2873 1106 2921 arma

122 2933 302 3010 telaaliaque
314 2951 389 3011 quae
399 2953 451 3016 spe
461 2935 541 3014 pacis
550 2935 689 2996 amiserat
700 2935 823 2998 relicere
834 2944 1104 3005 autcommercaria

121 3018 237 3080 servitia
252 3016 451 3080 Romanorum
467 3019 601 3090 adlicere,
624 3027 653 3080 61
668 3037 719 3081 666
733 3021 821 3099 16666,
838 3021 933 3101 quiin
948 3025 1105 3099 praesidiis

122 3110 213 3174 erant,
225 3103 350 3182 pecunia
364 3108 525 3182 temptare:
541 3122 663 3184 prorsus
674 3103 747 3165 nihil
757 3106 898 3166 intactum
909 3122 1007 3184 neque
1019 3111 1105 3186 quie·

91 3195 181 3248 etum
198 3187 270 3265 pati,
294 3193 399 3247 cuncta
422 3190 543 3264 agitare.
587 3189 679 3268 Igitur
709 3193 871 3268 Vagenses,
895 3206 953 3268 quo
968 3190 1133 3256 Metellus!e

122 3273 202 3333 initio
225 3270 364 3348 iugurtha
392 3272 564 3348 pacificante
585 3273 764 3352 praesidium
786 3275 969 3353 inposuerat,
994 3275 1104 3355 fatigati

123 3358 203 3435 regis
224 3354 375 3434 subpliciis
397 3372 494 3435 neque
516 3364 600 3419 antea
624 3356 770 3419 voluntate
793 3358 922 3429 alienati,
954 3359 1105 3440 principes

121 3441 245 3503 civitatis
259 3441 335 3502 inter
351 3458 382 3501 se
398 3440 566 3502 coniurant:
588 3459 655 3502 nam
670 3441 787 3522 volgus,
809 3444 851 3505 611
866 3442 1041 3523 plerumque
1056 3463 1104 3505 so·
