2378 3864
125 163 175 225 18,
238 180 282 220 on
307 178 481 221 commune
503 170 741 219 oonrvnnrroun
765 173 792 215 o.
812 166 855 219 35.
876 166 920 218 36.
939 164 983 219 37.

124 327 223 387 aliems
244 325 411 386 nominibus
431 324 587 384 liberalitas
610 321 761 383 Orestillae
783 323 841 383 suis
863 320 997 399 tiliaeque
1013 323 1101 399 copiis

123 410 317 487 persolveret,
337 415 381 469 set
400 408 479 486 quod
494 425 555 468 non
576 407 679 484 dignos
695 407 826 465 homines
840 405 953 465 bonore
966 404 1101 466 honesta-

124 503 168 552 tos
190 492 323 554 videbam
344 508 451 568 meque
466 489 537 552 falsa
554 492 724 569 suspicione
743 487 898 548 alienatum
917 504 981 547 esse
995 489 1101 549 sentie-

95 577 200 637 nbam.
220 576 284 636 Hoc
301 575 419 634 nomine
435 575 503 634 satis
519 575 655 635 honestas
664 590 718 652 pro
731 589 796 634 meo
812 587 880 630 casu
892 587 959 647 spes
974 569 1102 632 relicuae

96 659 268 737 odignitatis
291 657 507 718 conservandae
526 676 592 719 sum
611 666 738 719 secutus.
777 653 866 719 Plura
888 671 955 713 cum
971 654 1118 716 scriberet

96 743 242 814 avellem,
265 740 427 802 nuntiatum
449 747 492 801 est
513 742 570 802 vim
590 742 661 803 mihi
680 743 788 820 parari.
831 735 916 802 Nunc
939 735 1100 797 Orestillam

124 824 285 886 conmendo
300 831 424 901 tuaeque
439 824 507 884 lidei
521 826 618 885 trado:
634 843 697 885 eam
712 825 748 885 ab
764 827 868 886 iniuria
883 818 1033 896 defendas,
1049 839 1101 904 per

122 908 231 970 liberos
252 914 318 969 tuos
332 914 460 984 rogatus.
496 908 626 968 llaveto!

72 1001 112 1060 36
206 992 256 1052 Set
277 993 340 1069 ipse
359 1008 468 1069 pancos
488 991 550 1052 dies
572 1000 758 1052 conmoratus
780 992 856 1068 apud
877 992 910 1051 C.
926 991 1100 1054 Flaminium

123 1072 356 1158 [Flammam]in
367 1095 438 1156 agro
448 1076 594 1146 Arretino,
602 1076 671 1136 dum
685 1075 856 1136 vicinitatem
871 1075 1121 1138 anteasollicita·1t

124 1166 182 1218 tam
199 1160 288 1218 armis
311 1165 444 1227 exornat,
467 1177 533 1220 cum
551 1158 678 1219 fascibus
697 1164 783 1236 atque
797 1158 859 1218 aliis
866 1159 972 1236 imperi
981 1160 1098 1239 insigni·

97 1240 179 1305 abus
193 1243 222 1302 in
245 1249 338 1302 castra
353 1241 390 1302 ad
403 1241 542 1303 Manlium
560 1242 716 1303 contendit
747 1242 826 1303 llaec
840 1240 891 1302 ubi
905 1241 1017 1304 Romae
1032 1262 1097 1304 con-

122 1332 205 1402 perta
223 1335 299 1395 sunt,
315 1332 431 1387 senatus
445 1324 594 1387 Catilinam
612 1331 640 1386 et
653 1322 791 1389 Manlium
809 1326 899 1386 hostis
913 1327 1036 1397 iudicat,
1053 1346 1097 1389 ce·

122 1416 203 1469 terae
216 1407 392 1471 multitudini
407 1411 483 1471 diem
496 1411 603 1478 statuit,
620 1415 687 1470 ante
702 1427 789 1487 quam
804 1411 865 1469 sine
880 1407 984 1470 fraude
999 1409 1098 1472 liceret

122 1492 158 1552 ab
174 1492 262 1552 armis
276 1494 436 1563 discedere,
454 1499 572 1572 praeter
587 1510 688 1553 rerum
704 1491 868 1570 capitalium
886 1492 1097 1556 condemnatis:
1107 1509 1121 1548 ιε

95 1584 274 1652 spraeterea
289 1577 433 1647 decernit,
450 1577 493 1637 uti
509 1574 642 1636 consules
657 1574 794 1636 dilectum
812 1575 947 1647 babeant,
961 1577 1099 1638 Antonius

122 1678 188 1718 cum
203 1661 333 1721 exercitu
348 1659 497 1721 Catilinam
512 1659 650 1736 persequi
665 1665 799 1729 maturet,
815 1658 917 1718 Cicero
933 1659 1001 1721 urbi
1016 1678 1098 1739 prae·

121 1742 193 1802 sidio
216 1744 260 1801 sit.

95 1835 112 1882 4
206 1825 248 1885 Ea
261 1831 430 1902 tempestate
442 1823 780 1902 mihiimperiumpopuli
795 1823 919 1886 Romani
931 1828 1024 1889 multo
1039 1847 1097 1889 ma·

121 1927 209 1970 xume
223 1907 387 1969 miserabile
407 1908 500 1967 visum
522 1914 579 1966 est:
603 1911 651 1967 cui
669 1926 736 1967 cum
758 1908 794 1967 ad
813 1926 950 1971 occasum
973 1911 1010 1973 ab
1033 1921 1097 1975 ortu
1105 1926 1121 1965 u

121 1993 189 2053 solis
204 1995 300 2052 omnia
315 1991 422 2052 domita
443 1989 532 2049 arnris
547 1997 700 2067 parerent,
718 1991 801 2051 domi
818 1993 908 2053 otium
925 2001 1013 2074 atque
1029 1997 1097 2058 divi·

121 2078 191 2146 tiae,
216 2092 290 2154 quae
311 2075 404 2152 prima
420 2072 557 2134 mortales
573 2080 684 2151 putant,
705 2073 877 2146 adlluerent,
899 2076 982 2140 fuere
1000 2086 1096 2141 tamen

121 2161 206 2229 cives,
219 2159 269 2236 qui
282 2175 371 2236 seque
382 2173 503 2233 remque
515 2155 663 2234 publicam
677 2156 826 2219 obstinatis
837 2162 940 2221 animis
951 2163 1097 2240 perditum

93 2243 205 2303 tirent.
239 2239 370 2318 Namque
385 2239 500 2300 duobus
513 2241 606 2301 senati
620 2240 745 2302 decretis
767 2260 803 2303 ex
820 2250 900 2306 tanta
914 2244 1096 2309 multitudine

119 2342 214 2401 neque
228 2324 358 2401 praemio
373 2323 507 2383 inductus
523 2325 750 2386 coniurationem
760 2326 938 2403 patefecerat
951 2347 1047 2410 neque
1062 2347 1121 2394 eru

120 2407 222 2468 castris
244 2405 379 2466 Catilinae
401 2407 555 2485 quisquam
581 2410 712 2470 omnium
738 2410 923 2472 discesserat:
949 2420 1029 2476 tanta
1056 2419 1097 2477 vis

120 2489 215 2550 morbi
237 2498 313 2558 erat,
337 2506 411 2568 quae
433 2492 476 2551 uti
496 2490 578 2552 tabes
592 2492 749 2571 plerosque
768 2495 872 2555 ciuium
890 2497 1001 2557 animos
1018 2500 1096 2560 inva-

68 2575 109 2637 37
119 2579 205 2634 serat.
237 2570 338 2651 Neque
352 2572 447 2634 solum
462 2573 517 2635 illis
532 2574 625 2636 aliena
641 2591 723 2636 mons
738 2584 813 2647 erat,
837 2579 1012 2657 quiconscii
1027 2601 1096 2645 con·

119 2657 267 2716 iurationis
282 2656 405 2727 inerant,
421 2664 465 2718 set
482 2660 598 2718 omnino
612 2665 716 2720 cuncta
726 2659 828 2737 plebes
838 2678 979 2725 novarum
993 2683 1097 2727 rerum

90 2739 211 2800 astudio
232 2739 368 2800 Catilinae
388 2742 502 2818 incepta
524 2741 676 2818 probabat.
707 2743 740 2804 ld
756 2744 829 2806 adeo
844 2763 926 2807 more
940 2764 994 2807 suo
1012 2751 1121 2811 vido-ar

93 2822 203 2885 3batur
219 2822 323 2884 lacere.
359 2823 432 2884 Nam
447 2841 562 2902 semper
583 2827 757 2898 incivitate,
781 2828 886 2906 quibus
905 2846 976 2906 opes
996 2831 1097 2897 nullae

118 2913 194 2976 sunt,
219 2905 302 2967 bonis
317 2908 444 2969 invident
457 2907 548 2969 malos
570 2908 719 2981 extollunt,
737 2918 834 2973 vetera
847 2912 936 2973 odere
950 2931 1025 2975 nova
1045 2937 1101 2979 err-⁴

119 2995 227 3065 optant,
253 2991 318 3050 odio
340 3010 459 3052 suarum
480 3010 580 3053 rerum
601 2996 707 3055 mutari
729 2996 826 3056 omnia
847 2997 977 3067 student,
1006 3001 1095 3062 turba

118 3078 204 3150 atque
220 3073 407 3135 seditionibus
421 3076 483 3136 sine
499 3094 568 3137 cura
583 3077 714 3148 aluntur,
730 3080 866 3157 quoniam
882 3085 994 3156 egestas
1010 3084 1096 3147 facila

94 3156 241 3217 ahabetur
260 3159 321 3218 sine
343 3159 458 3218 damno.
487 3160 537 3220 Set
552 3160 664 3222 urbana
679 3161 790 3240 plebes,
813 3179 846 3222 ea
862 3180 930 3223 vero
949 3180 1121 3247 praecepto

90 3250 179 3305 cerat
190 3241 226 3302 de
241 3239 337 3302 multis
355 3243 460 3302 causis.
491 3243 622 3306 Primum
637 3246 776 3315 omnium,
792 3245 842 3322 qui
856 3244 964 3324 ubique
980 3252 1093 3326 probro

118 3330 204 3401 atque
218 3324 374 3402 petulantia
390 3344 524 3388 maxume
533 3327 727 3407 praestabant,
742 3329 809 3389 item
824 3326 871 3388 alii
882 3346 934 3407 per
947 3331 1093 3396 dedecora

116 3410 296 3485 patrimoniis
310 3412 429 3480 amissis,
445 3419 594 3488 postremo
609 3429 709 3473 omnes
721 3428 794 3491 quos
804 3411 944 3488 llagitium
959 3423 1007 3477 aut
1023 3418 1092 3480 laci·
