2378 3864
152 158 193 222 ‘14
328 178 371 221 na
392 180 493 224 annuo
516 177 711 224 rvavnrmno
735 181 760 222 o.
783 165 828 222 58.
848 167 892 221 59.
915 167 959 224 60.

122 340 137 390 r
153 329 233 390 tibus
244 335 360 409 portam
368 329 520 408 inrumpit.
536 329 676 390 Atnostri
688 330 845 408 repentino
855 337 936 391 metu
945 332 1135 410 perculsisibi

154 416 277 494 quisque
289 430 343 491 pro
355 413 487 474 moribus
502 412 674 474 consulunt:
693 413 742 473 alii
753 413 858 491 fugere
868 413 918 474 alil
929 434 1013 479 arma
1025 436 1135 498 capere,

122 507 259 575 amagna
271 515 341 577 pars
351 495 496 558 volnerati
508 506 559 558 aut
576 498 675 558 occisi.
705 497 842 559 Ceterum
862 515 898 558 ex
915 502 998 560 omni
1011 503 1135 564 multitu·

154 583 223 643 dine
239 600 299 643 non
316 580 441 660 emplius
459 580 667 660 quadraginta,
691 597 839 642 memores
860 585 991 645 nominIs
1008 584 1135 656 Romani,

153 684 244 745 grege
255 667 331 728 laeto
343 664 441 727 locum
460 683 566 743 cepere
583 664 671 746 paulo
687 683 776 745 quarn
788 664 837 726 alii
855 666 1029 739 editiorem,
1047 688 1151 749 neque,

152 751 223 812 inde
234 767 371 825 maxuma
383 752 411 809 vi
423 747 530 828 depelli
546 752 717 830 quiverunt,
733 755 778 810 set
795 748 854 809 tela
866 753 982 829 eminus
995 755 1087 817 missa
1097 773 1135 816 re·

153 836 280 904 mittere,
293 833 381 912 pauci
391 835 422 894 in
434 832 570 913 pluribus
582 835 680 894 minus
689 833 838 895 frustrati:
857 834 904 895 sin
914 832 1064 901 Numidae
1075 858 1135 919 pru·

157 922 223 998 pius
241 921 448 990 adcessissent,
470 919 511 980 ibi
531 937 603 980 vero
624 921 760 982 virtutem
782 921 937 982 ostendere
955 929 986 982 et
1006 941 1061 985 eos
1081 943 1133 986 ura·

131 1021 244 1072 aroma
266 1005 294 1064 ri
316 1005 448 1074 caedere,
471 1003 596 1064 tundere
617 1009 704 1083 atque
719 1004 831 1082 fugare.
870 1004 992 1066 Interim
1008 1006 1133 1071 Metellus

157 1105 224 1148 cum
252 1105 406 1149 acerrume
433 1105 498 1149 rem
516 1095 648 1165 gereret,
676 1087 832 1150 tumultum
856 1088 992 1149 hostilem
1018 1109 1036 1152 a
1058 1100 1154 1170 tergun

157 1173 284 1250 aceepit:
320 1171 387 1233 dein
421 1188 563 1232 convorso
588 1190 664 1250 equo
688 1172 891 1232 animadvortit
917 1171 1018 1250 lugam
1047 1177 1084 1237 ad
1107 1193 1132 1236 se

130 1273 276 1324 evorsum
297 1256 376 1326 lieri,
403 1274 477 1335 quae
501 1273 550 1318 res
574 1255 721 1316 indicabat
745 1254 894 1334 popularis
923 1273 999 1317 esse.
1050 1260 1132 1337 Igitur

157 1341 316 1419 equitatum
339 1357 456 1401 omnem
480 1340 517 1401 ad
543 1345 637 1400 castra
656 1357 784 1417 propere
805 1340 896 1407 misit,
928 1343 1076 1404 aestatim
1102 1345 1129 1406 G.

155 1425 279 1486 hiarium
293 1441 366 1485 -cum
386 1422 556 1484 cohortibus
578 1424 740 1492 sociorum,
762 1439 887 1501 eumque
900 1421 1072 1487 lacrumans
1085 1445 1131 1505 per

156 1509 309 1569 amicitiam
331 1526 444 1587 perque
464 1524 528 1568 rem
550 1505 696 1586 publicam
712 1505 855 1577 obsecrat,
871 1523 909 1566 ne
929 1523 1018 1584 quam
1037 1518 1153 1572 contu-rr

155 1592 272 1653 meliam
293 1609 449 1653 remanere
470 1592 500 1652 in
522 1591 651 1651 exercitu
673 1591 797 1659 victore,
821 1607 894 1650 nere
915 1589 1009 1651 hostis
1031 1594 1130 1656 inultus

125 1676 237 1747 nabire
255 1677 339 1736 sinat.
362 1675 413 1735 llle
431 1674 513 1735 brevi
534 1673 668 1733 mandata
690 1672 785 1734 elficit.
825 1672 863 1732 tt
882 1673 1024 1751 Iugurtha
1044 1680 1130 1740 muni·

154 1766 254 1819 mento
274 1765 437 1836 castrorum
459 1757 618 1834 inpeditus,
642 1775 709 1818 cum
732 1757 778 1818 alii
795 1774 884 1836 super
901 1757 1008 1819 vallum
1023 1763 1129 1839 praeci·

154 1844 333 1920 pitarentur,
352 1840 400 1901 alii
415 1842 444 1900 in
460 1840 599 1916 angustiis
613 1840 669 1918 ipsi
682 1839 736 1901 sibi
751 1848 945 1920 properantes
963 1841 1128 1915 obiicerem,

154 1925 251 1986 multis
270 1925 384 1985 amissis
398 1925 428 1984 in
443 1923 507 1984 loca
524 1923 634 1983 munita
646 1941 710 1984 sese
727 1927 848 2003 recepit.
877 1923 1011 1987 llletellus
1027 1929 1152 1991 intectos

153 2009 286 2087 negotio,
309 2013 462 2086 postquam
484 2024 542 2066 nox
565 2006 680 2076 aderat,
703 2008 732 2066 in
749 2015 843 2068 castra
860 2026 927 2068 cum
942 2013 1074 2075 exercitu
1088 2031 1129 2074 re·

154 2095 285 2154 vortitur.

102 2172 142 2233 59
238 2176 328 2252 lgitur
343 2180 463 2252 postero
476 2173 523 2235 die
534 2176 616 2252 prius
632 2193 719 2253 quarn
742 2175 778 2236 ad
802 2176 1031 2254 obpugnandum
1052 2196 1129 2258 egre·

154 2260 283 2328 deretur,
302 2259 460 2337 equitatum
476 2275 592 2319 omnem
615 2261 643 2318 in
662 2277 696 2320 ea
713 2265 806 2338 parte,
828 2279 884 2339 qua
900 2263 978 2338 regis
993 2262 1129 2326 adrentus

154 2351 225 2412 erat,
242 2358 297 2420 pro
315 2343 417 2402 castris
433 2343 543 2418 agitare
558 2342 647 2413 iubet,
665 2349 767 2420 portas
789 2352 817 2406 et
837 2361 980 2421 proxuma
1002 2343 1069 2408 loca
1084 2349 1151 2408 uia

152 2428 239 2488 bunis
268 2425 413 2506 dispertit,
442 2425 547 2488 deinde
568 2428 630 2505 ipse
649 2429 746 2505 pergit
767 2429 803 2490 ad
824 2428 962 2506 oppidum
984 2435 1074 2508 atque
1094 2433 1130 2492 uti

152 2511 305 2590 superiore
318 2510 488 2570 diemunrm
496 2510 675 2588 adgreditur.
688 2511 808 2571 Interim
819 2509 959 2587 Iugurtha
970 2529 1006 2573 ex
1018 2513 1129 2576 occulto

126 2599 274 2674 trepente
289 2600 405 2654 nostros
420 2594 543 2655 invadit:
560 2595 650 2673 quiin
666 2611 810 2671 proxumo
825 2594 912 2654 locati
923 2592 1050 2666 fuerant,
1063 2616 1129 2676 pau·

127 2679 242 2757 elisper
263 2678 358 2738 territi
379 2677 604 2754 perturbantur,
627 2677 729 2738 relicui
744 2679 801 2736 cito
816 2676 999 2737 subveniunt.
1031 2680 1129 2761 Neque

153 2763 259 2823 diutius
280 2759 423 2822 Numidae
445 2763 582 2822 resistere
597 2761 766 2840 quivissent,
789 2761 820 2819 ni
833 2759 945 2837 pedites
963 2776 1032 2820 cum
1053 2767 1150 2845 eqni-rt

151 2845 229 2906 tibus
249 2845 384 2921 permixti
400 2861 536 2923 magnam
553 2843 663 2904 cladem
678 2844 708 2902 in
730 2857 889 2920 congressu
903 2840 1052 2907 iacerent:
1071 2851 1128 2928 qui-

68 3004 78 3013 *
151 2928 207 2990 bns
221 2926 261 2988 illi
283 2927 359 2996 irati,
377 2945 445 2997 nou,
466 2929 508 2988 uti
525 2927 651 3012 equestri
666 2924 779 3003 proelio
796 2925 984 3008 solet-sequi,
998 2929 1068 2990 dein
1086 2950 1128 2994 oe·

153 3013 232 3081 dere,
249 3018 293 3072 set
308 3012 437 3072 advorsis
454 3011 535 3089 equis
547 3027 734 3079 concurrere,
750 3010 892 3089 inplicare
905 3030 940 3072 ac
955 3014 1128 3090 perturbare

152 3098 260 3158 aciem:
277 3098 315 3156 ita
336 3095 476 3172 expeditis
489 3093 634 3173 peditibus
648 3095 708 3154 suis
722 3093 814 3155 hostis
828 3113 922 3173 paene
938 3097 1029 3156 notos
1050 3099 1126 3160 dare.

102 3182 141 3244 60
152 3181 262 3242 Eodem
280 3186 413 3255 tempore
433 3179 512 3256 apud
534 3179 651 3240 Zamam
673 3193 778 3255 magna
799 3180 826 3238 vi
851 3178 1029 3241 certabatur.
1075 3182 1150 3246 Ubis

152 3267 274 3344 quisque
301 3262 414 3339 legatus
437 3268 487 3322 aut
512 3262 647 3324 tribunus
667 3261 801 3332 curabat,
830 3280 864 3324 eo
891 3280 1047 3326 acerrume
1068 3268 1126 3336 niti,

151 3367 246 3427 neque
259 3345 332 3407 alius
348 3347 380 3405 in
395 3344 451 3405 alio
466 3346 559 3422 magis
574 3363 660 3424 quam
679 3347 709 3404 in
728 3361 793 3406 sese
806 3363 889 3423 spem
905 3345 1030 3410 habere:
1052 3351 1127 3428 pari·

151 3440 254 3510 terque
269 3429 405 3508 oppidani
421 3443 524 3506 agere:
541 3428 711 3507 obpugnare
722 3433 772 3490 aut
781 3446 886 3509 parare
898 3431 1034 3495 omnibus
1048 3432 1126 3503 locis,
