2378 3864
130 198 171 258 to
369 215 412 255 nn
432 214 535 257 nunno
557 213 758 257 mornrmuo
781 213 808 256 σ.
831 210 871 259 14.

129 364 208 432 stitit,
225 363 269 423 uti
284 363 315 422 in
329 362 466 422 omnibus
480 361 564 422 bellis
579 360 696 422 adesset
707 359 808 422 robis:
823 379 879 422 nos
892 363 935 423 uti
951 379 1007 441 per
1025 358 1115 425 otium

130 447 184 507 tuti
206 447 306 516 simus,
328 449 358 506 in
378 452 476 506 vostra
493 463 584 507 mann
606 451 658 513 cst,
677 451 777 522 potres
794 447 961 524 conscripti

91 539 122 589 14
213 530 302 590 Pater
315 547 370 589 nos
380 529 455 589 duos
469 528 577 590 fratres
589 527 718 606 reliquit,
741 531 861 590 tertium
876 529 1051 607 lugurtbam
1064 529 1116 592 be·

130 613 235 674 nidciis
251 615 312 673 suis
325 621 407 673 ratus
428 619 472 673 cst
489 614 679 672 coniunctum
695 612 782 672 nobis
802 612 875 674 iore.
911 612 993 674 alter
1013 631 1116 675 eornm

91 705 123 757 15
131 705 253 758 necatus
269 703 322 766 est,
337 695 458 757 alterius
475 698 541 774 ipse
555 712 611 772 ego
628 712 734 756 manus
747 697 841 775 inpias
855 698 903 757 vix
917 698 1016 774 effugi.
1042 696 1135 767 Quor

132 781 236 858 nami
251 786 303 841 aut
318 798 376 858 quo
388 781 582 863 potissumum
595 777 696 839 infelix
710 779 870 840 adcedam!
890 779 1016 841 Generis
1030 799 1116 860 prae·

131 863 203 923 sidio
223 865 320 923 omnia
340 870 467 924 canneta
489 869 572 923 sunt:
594 869 688 941 pater,
704 867 747 923 uti
768 880 889 924 necesse
903 872 976 932 erat,
992 872 1117 926 naturae

132 949 291 1007 concessit:
308 947 407 1016 fratri,
426 965 513 1025 mem
533 948 663 1006 minume
678 945 790 1016 decuit,
811 948 973 1026 propincus
984 964 1040 1026 per
1054 966 1115 1009 see-

131 1028 178 1089 lus
194 1031 283 1090 vitam
299 1031 420 1106 eripuit:
442 1030 546 1090 adfinis
571 1031 680 1089 amicos
705 1031 888 1109 propinquos
905 1037 1021 1092 ceteros
1036 1049 1117 1093 meos

133 1111 222 1174 alium
235 1113 289 1174 alia
312 1113 410 1174 clades
425 1112 585 1191 obpressit:
606 1114 684 1190 capti
704 1113 742 1174 ab
757 1113 897 1190 lugurtba
912 1131 982 1193 pars
996 1116 1027 1175 in
1051 1132 1145 1176 cru-u

133 1215 199 1258 cem
220 1199 292 1267 acti,
312 1214 382 1275 pars
402 1195 503 1258 bestiis
523 1196 631 1259 obiecti
644 1204 724 1276 sunt,
755 1199 858 1275 pauci,
881 1197 988 1278 quibus
1016 1199 1118 1260 relicta

134 1292 178 1345 est
198 1286 310 1351 amma,
333 1282 425 1344 clausi
447 1282 477 1342 iu
491 1280 636 1350 tenebris,
652 1298 721 1341 cum
735 1298 871 1342 maerore
887 1287 916 1341 et
928 1280 1011 1342 luctu
1022 1290 1119 1343 morte

133 1365 298 1440 graviorem
315 1367 404 1425 vitam
423 1366 552 1442 exigtmt

94 1453 126 1504 lo
222 1447 254 1508 Si
274 1449 386 1517 omnia,
408 1465 483 1528 quae
505 1456 556 1509 aut
576 1449 660 1508 amisi
678 1454 729 1508 aut
749 1466 786 1509 ex
806 1449 979 1508 necessariis
994 1448 1117 1508 advorsa

135 1531 211 1592 iada
226 1539 309 1600 sunt,
321 1531 478 1592 incolumia
493 1540 656 1600 manerent,
666 1538 780 1600 umen,
793 1532 818 1592 si
833 1532 902 1611 quid
918 1550 954 1592 ex
968 1532 1147 1610 inprovisos

134 1613 203 1676 mali
224 1615 393 1683 accidisset,
415 1633 466 1675 ros
485 1614 674 1691 inplorarem,
695 1621 795 1692 patres
816 1616 989 1693 conscripti,
1011 1614 1118 1693 quibus

134 1715 189 1776 pro
209 1699 409 1775 magnitudine
417 1698 525 1775 imperi
533 1699 580 1756 ius
596 1705 626 1758 et
638 1699 759 1758 iniurias
773 1699 867 1757 omnis
881 1716 972 1758 curae
987 1715 1054 1759 csse
1068 1699 1119 1760 de·

95 1794 126 1844 17
136 1787 191 1842 cet
230 1781 315 1841 Nunc
329 1799 401 1841 vero
414 1779 482 1842 exul
496 1782 591 1859 patria
607 1781 704 1851 domo,
720 1779 800 1841 solus
817 1788 905 1860 atque
920 1783 1052 1841 omnium
1065 1782 1118 1842 ho·

134 1870 285 1925 nestarum
299 1882 401 1924 rernm
422 1880 528 1941 egens,
550 1882 610 1943 quo
626 1864 767 1925 adcedam
804 1872 855 1925 aut
868 1881 942 1944 quos
955 1864 1119 1943 adpellem!
1184 1910 1186 1915 .

135 1949 307 2008 nationesne
337 1965 374 2007 an
399 1963 502 2025 reges,
526 1950 576 2026 qui
598 1965 700 2008 omnes
720 1947 846 2008 familiae
867 1955 986 2010 nostrae
1007 1948 1046 2009 ob
1068 1967 1150 2013 roae

136 2038 227 2091 stram
240 2032 396 2092 amicitiam
409 2031 507 2092 inlesti
521 2032 607 2091 suntt
632 2033 677 2092 An
692 2049 840 2111 quoquam
855 2031 928 2091 mihi
942 2032 1023 2093 adire
1041 2026 1140 2102 licet,⁸

135 2114 188 2176 ubi
198 2133 258 2175 uon
269 2117 414 2176 maiorum
425 2132 560 2176 meorum
570 2115 686 2176 hostilia
699 2122 889 2176 monumenta
902 2114 1040 2193 pluruma
1051 2118 1118 2186 sint,
1184 2154 1186 2209 ᾗ

137 2205 188 2260 aut
208 2201 362 2278 quisquam
383 2200 476 2260 nostri
494 2199 628 2261 misereri
648 2205 759 2277 potest,
787 2201 837 2278 qui
859 2197 1014 2278 aliquando
1036 2200 1120 2260 vobis

136 2282 228 2342 bostis
250 2281 323 2342 luitl

97 2373 128 2426 18
221 2364 374 2427 Postremo
388 2364 539 2427 blasinissa
558 2385 613 2427 nos
630 2369 670 2428 ita
687 2367 822 2436 instituit,
838 2373 937 2444 patres
951 2369 1150 2444 conscriptis

135 2467 276 2528 nequem
300 2449 463 2512 coleremus
484 2452 540 2511 nisi
558 2450 701 2529 populum
714 2449 890 2518 Romanum,
911 2467 949 2510 ne
967 2451 1121 2511 societates

137 2553 195 2596 neu
208 2534 327 2596 loedere
338 2553 412 2594 nova
422 2535 637 2611 acciperemus,
654 2533 771 2593 abunde
786 2549 892 2608 magna
906 2532 1052 2609 praesidia
1067 2551 1121 2594 no·

137 2619 182 2679 bis
202 2619 232 2677 in
246 2625 343 2677 vostra
365 2617 489 2677 amicitia
504 2618 582 2678 lore:
602 2619 628 2676 si
642 2616 712 2675 buic
720 2615 846 2692 imperio
857 2614 974 2674 iormna
989 2623 1122 2678 mutare·

99 2708 200 2767 totum,
216 2717 275 2759 una
290 2698 483 2760 occidundum
493 2698 579 2757 uobis
592 2715 665 2757 esse
700 2697 813 2756 Virtute
828 2713 863 2755 ac
878 2695 940 2755 deis
954 2696 1123 2761 volentibus

137 2783 236 2857 magni
251 2783 320 2841 estis
334 2789 364 2841 et
378 2779 522 2857 opulenti,
537 2781 635 2840 omnia
644 2778 773 2839 secunda
789 2785 819 2838 et
832 2778 1017 2838 oboedientia
1032 2793 1105 2842 sunt
1115 2805 1153 2852 :aa

138 2881 197 2943 quo
216 2862 329 2924 facilius
351 2865 498 2922 sociorum
518 2863 639 2924 iniurias
656 2878 762 2921 curare
781 2860 859 2922 licet.

96 2960 131 3010 ao
222 2945 349 3006 Tantum
367 2945 438 3007 illud
456 2964 575 3014 vereor,
600 2963 638 3007 ne
653 2961 728 3023 quos
744 2946 855 3023 privata
875 2947 1001 3007 amicitia
1015 2947 1123 3026 lugur-

138 3030 206 3092 tbae
225 3047 330 3107 parum
353 3031 469 3108 cognita
482 3037 666 3090 transvorsos
686 3035 772 3106 agat,
794 3047 869 3108 qnos
882 3047 938 3107 ego
954 3032 1040 3092 audio
1059 3053 1108 3095 ma
1186 3038 1188 3043 ’

138 3131 226 3176 xuma
248 3131 304 3193 ope
325 3115 394 3183 niti,
418 3113 530 3176 ambire
551 3114 674 3190 fatigare
691 3131 743 3174 ros
762 3114 908 3191 singulos,
930 3132 969 3176 ne
991 3116 1062 3195 quid
1083 3117 1122 3178 de

140 3198 260 3260 absente
273 3199 420 3275 incognita
442 3215 530 3260 censa
551 3199 699 3260 statuatis:
726 3198 839 3276 lingere
853 3217 902 3261 me
915 3198 1005 3260 verba
1023 3206 1053 3260 et
1074 3200 1120 3261 lu·
1131 3226 1152 3268 a

99 3297 207 3362 olgam
221 3281 369 3350 simulare,
392 3284 439 3342 cui
457 3281 572 3344 licuerit
588 3285 721 3360 inregno
738 3300 867 3344 manere.
901 3281 987 3352 Quod
1008 3285 1120 3345 utinam

140 3367 237 3436 illum,
258 3368 363 3445 quoius
375 3367 455 3443 inpio
470 3365 600 3429 facinore
619 3368 649 3426 in
664 3366 718 3426 has
732 3367 864 3427 muerias
878 3368 1027 3444 proiectus
1045 3385 1121 3438 sum,

140 3451 243 3512 eadem
260 3450 334 3511 haec
348 3448 532 3512 simulantem
549 3452 671 3518 videam,
695 3456 724 3512 et
737 3449 894 3530 aliquando
911 3457 961 3511 aut
978 3452 1056 3530 apud
1072 3470 1123 3512 ros
