2378 3864
188 217 232 258 ns
257 212 431 260 carrarum
455 217 698 262 ooumssmoun
723 215 751 258 c.
783 207 826 262 at.
861 209 903 263 38.
927 209 968 263 39.
1008 203 1046 265 19

64 381 122 425 nus
141 365 228 424 demo
249 365 413 442 expulerat,
437 367 463 427 ei
479 363 602 425 Romam
624 366 698 425 sicut
717 366 747 425 in
770 365 912 426 sentinam
932 365 1042 427 cenllu-

64 453 178 511 rorant.
196 448 308 510 Deinde
325 448 407 509 multi
422 466 567 510 memores
585 447 719 509 Sullanae
739 449 890 518 victoriae,
914 449 992 527 quod
1008 458 1068 510 exo

64 531 208 609 gregariis
224 530 363 592 militibus
377 530 449 592 alios
468 538 617 592 senatores
632 530 780 601 videbant,
801 530 872 592 alios
887 533 925 592 ita
944 531 1044 594 divites

63 621 98 675 ut
114 615 197 690 regie
211 615 288 675 victu
305 621 391 693 atque
406 613 485 676 cultu
503 621 625 675 aetatem
641 623 775 691 agerent,
798 615 853 675 sibi
868 616 998 693 quisque,
1021 617 1045 676 si

40 699 95 758 rin
113 699 202 758 armis
224 697 309 766 ieret,
328 715 365 758 ex
378 699 496 759 victoria
511 695 578 758 talia
594 697 741 776 sperabat.
769 699 923 760 Praeterea
945 701 1071 760 iuven-7

63 790 129 850 tus,
154 798 229 859 quae
249 783 279 841 in
300 783 378 858 agris
399 799 538 843 manuum
559 781 695 843 mercede
717 783 843 859 inopiam
862 780 1045 852 toleraverat,

64 865 187 941 privatis
209 870 295 942 etque
317 863 441 943 publicis
461 864 662 943 largitionibus
678 865 769 925 excita
786 863 932 927 urbanum
955 867 1046 926 otium

64 949 181 1025 ingrato
204 945 298 1007 labori
319 946 504 1025 praetulerat.
548 948 606 1008 Eos
625 954 711 1027 atque
732 946 803 1008 alios
823 950 916 1008 omnis
937 948 1072 1010 malumss

64 1029 217 1109 publicum
231 1029 339 1092 alebat:
356 1049 413 1111 quo
428 1032 524 1092 minus
539 1033 704 1092 mirandum
719 1037 762 1092 est
775 1031 909 1093 homines
925 1033 1045 1109 egentis,

29 1130 55 1171 ro
64 1113 149 1174 malis
167 1113 298 1174 moribus
311 1131 447 1176 maxuma
462 1132 530 1193 spe,
553 1115 597 1176 rei
612 1113 745 1193 publicae
759 1116 839 1176 iuxta
854 1133 888 1176 ao
905 1116 960 1176 sibi
976 1133 1045 1176 cen·

64 1196 199 1258 suluisse.
241 1197 396 1258 Praeterea
419 1216 544 1276 querum
562 1199 681 1258 victoria
703 1197 799 1259 Sullae
819 1207 955 1276 parentes
977 1201 1073 1277 pre-9

64 1281 176 1359 scripti,
192 1278 270 1340 bona
284 1287 392 1359 erepta,
402 1282 447 1341 ius
460 1279 601 1342 libertatis
614 1281 789 1342 inminutum
804 1290 875 1351 erat,
891 1282 962 1343 haut
976 1299 1046 1344 sane

65 1363 122 1425 alio
141 1365 237 1424 animo
260 1362 328 1424 bebi
343 1370 477 1425 eventum
499 1363 698 1443 expectabant.
729 1364 773 1424 lld
792 1364 849 1424 hoc
867 1367 1044 1443 quicumque
1056 1372 1088 1424 10

65 1447 190 1508 aliarum
205 1455 292 1525 atque
303 1454 421 1508 senatus
437 1449 564 1524 partium
580 1455 672 1516 erant,
686 1446 856 1508 conturbari
872 1466 936 1523 rem
950 1447 1045 1525 publi·

29 1551 55 1606 es
66 1548 132 1592 cam
149 1549 236 1609 quam
250 1532 346 1591 minus
362 1531 459 1592 valere
470 1531 524 1609 ipsi
537 1529 691 1591 malebant.
713 1530 745 1591 ld
760 1531 832 1591 adeo
846 1529 955 1591 malum
969 1530 1087 1594 mul-11

65 1622 112 1674 tos
130 1621 197 1693 pest
214 1631 305 1674 annos
320 1616 350 1674 in
366 1616 509 1675 civitatem
523 1622 695 1675 reverterat.
728 1613 803 1674 Nam
821 1621 976 1693 postquam
991 1616 1045 1677 Gn.
1056 1620 1095 1684 38

65 1699 206 1775 Pompeio
222 1695 278 1778 [et]
292 1697 329 1757 bl.
347 1697 450 1758 Crasso
466 1697 633 1759 consulibus
650 1697 805 1758 tribunicia
818 1703 947 1775 potestas
961 1699 1046 1759 resti·

65 1788 128 1841 tuta
143 1788 203 1850 est,
226 1781 359 1842 hemines
376 1780 576 1842 adulescentes
591 1799 734 1843 summam
750 1786 925 1860 potestatem
939 1782 1046 1852 nancti,

71 1864 179 1943 quibus
192 1872 270 1925 aetas
284 1866 455 1944 animusque
471 1865 554 1926 ferox
570 1872 641 1934 erat,
658 1882 782 1944 coepere
801 1871 933 1927 senatum
950 1865 1046 1926 crimi-

28 1974 56 2014 20
65 1947 164 2008 nando
183 1947 300 2026 plebem
318 1949 480 2025 exagitare,
503 1949 569 2010 dein
584 1948 737 2025 largiundo
756 1955 842 2028 atque
860 1946 1046 2027 pollicitando

64 2033 158 2108 magis
169 2032 343 2092 incendere:
358 2034 397 2092 ita
411 2033 468 2110 ipsi
482 2031 553 2093 clari
565 2039 757 2111 potentesque
773 2032 846 2093 lieri.
873 2031 980 2092 Contra
996 2041 1072 2108 eost

64 2133 180 2176 summa
197 2133 252 2193 ope
271 2115 418 2176 nitebatur
435 2115 576 2194 pleraque
593 2115 728 2177 nobilitas
743 2122 861 2176 senatus
878 2117 975 2193 specie
990 2132 1045 2192 pre

64 2216 119 2259 sua
130 2198 338 2276 magnitudine.
360 2197 506 2277 Namque,
524 2201 566 2260 uti
577 2201 678 2277 paucis
690 2217 794 2260 verum
808 2197 964 2267 absolvam,
981 2203 1073 2276 pest3

67 2281 167 2344 Sullae
179 2288 310 2359 tempora
321 2284 496 2361 quicumque
510 2299 575 2355 rem
588 2281 735 2360 publicam
748 2283 901 2360 agitavere,
917 2281 1046 2343 honestis

25 2391 55 2432 π
65 2364 244 2432 nominibus,
266 2363 314 2424 alii
327 2365 411 2424 sicuti
425 2363 526 2441 pepuli
539 2367 603 2424 iura
619 2364 818 2434 defenderent,
840 2383 908 2442 pars
927 2383 985 2443 quo
999 2382 1045 2425 se·

63 2457 151 2510 natus
168 2447 324 2508 auctoritas
339 2459 475 2506 maxuma
488 2446 574 2516 ieret,
591 2446 703 2507 bonum
715 2447 865 2524 publicum
878 2447 1046 2507 simulantes

63 2550 119 2610 pro
142 2548 195 2592 sua
222 2531 345 2609 quisque
373 2531 501 2608 petentia
524 2529 684 2590 certabant.
709 2530 810 2608 Neque
829 2528 885 2590 illis
906 2528 1047 2589 modestia

63 2634 161 2695 neque
177 2615 283 2676 modus
299 2614 492 2675 contentionis
507 2620 581 2674 erat:
597 2614 711 2690 utrique
725 2614 874 2673 victoriam
889 2611 1045 2674 crudeliter

64 2698 251 2761 exercebant.
281 2698 331 2759 Set
341 2704 496 2777 postquam
511 2696 565 2757 Gn.
580 2696 737 2774 Pompeius
754 2696 790 2758 ad
800 2695 911 2757 bellum
925 2697 1045 2758 maritu·
1056 2694 1096 2756 39

24 2800 146 2852 sumum
162 2789 248 2860 atque
261 2780 487 2842 Mithridaticum
499 2782 604 2841 missus
618 2788 670 2850 est,
685 2780 778 2858 plebis
792 2797 863 2858 opes
875 2781 1042 2848 inminutae,

62 2883 228 2945 paucorum
241 2866 369 2943 potentia
386 2865 484 2925 crevit.
512 2864 547 2924 lli
560 2865 746 2941 magistratus
757 2865 921 2942 provincias
932 2863 1071 2942 aliaqueo

63 2950 163 3010 omnia
176 2955 294 3010 tenere:
309 2950 365 3026 ipsi
379 2950 488 3008 innoxii
498 2946 636 3009 llorentes
647 2949 709 3009 sine
720 2953 800 3008 metu
812 2953 935 3008 aetatem
947 2964 1044 3024 agere,

59 3042 188 3101 eeteros,
205 3033 255 3111 qui
269 3029 386 3111 plebem
400 3033 433 3089 in
444 3033 618 3107 magistratu
628 3029 774 3109 placidius
787 3038 960 3107 tractarent,
976 3031 1052 3092 iudi·

61 3120 250 3180 ciisterrere.
268 3115 320 3176 Set
329 3114 381 3176 ubi
391 3114 521 3192 primum
533 3113 631 3175 dubiis
641 3114 730 3174 rebus
738 3115 864 3177 novandi
876 3135 944 3196 spes
957 3115 1082 3176 oblatae

25 3219 56 3264 ss
67 3207 122 3270 est,
146 3206 229 3261 vetus
247 3207 396 3262 certamen
412 3199 523 3259 animos
540 3217 642 3261 eorum
661 3201 781 3262 adrexit.
814 3202 899 3282 Quod
914 3204 938 3262 si
954 3204 1076 3280 primes
1121 3200 1132 3222 ⁰
1152 3204 1154 3206 ’

65 3281 182 3362 proelio
202 3283 322 3344 Catilina
340 3283 474 3360 superior
497 3290 546 3343 aut
560 3301 653 3362 aequa
668 3303 757 3346 manu
770 3285 962 3355 discessisset,
980 3303 1049 3362 pro·

65 3367 146 3428 lecto
161 3383 268 3444 magna
290 3366 387 3426 clades
407 3371 493 3443 atque
514 3366 659 3427 calamitas
674 3387 737 3430 rem
760 3369 906 3447 publicam
928 3368 1048 3446 obpres-

66 3452 170 3512 sisset:
186 3466 282 3528 neque
298 3447 371 3520 illis,
387 3451 412 3510 si
425 3449 575 3511 victoriam
591 3451 688 3528 adepti
704 3452 816 3521 forent,
836 3452 942 3512 diutius
959 3471 991 3513 ea
1005 3453 1048 3513 uti
