2378 3864
266 211 310 250 nn
332 209 435 253 annno
459 209 661 255 1vurnrn1uo
684 209 711 251 o.
735 205 776 255 11.
796 201 838 255 12.
862 202 903 256 13.
1032 192 1073 253 43

90 359 200 421 scindi:
223 376 292 419 nam
310 376 365 437 per
379 377 414 420 ea
431 366 564 436 tempora
579 357 744 419 coniectum
758 359 841 418 annis
858 356 1006 435 Micipsam
1022 376 1074 437 pa-

89 462 159 504 rum
174 443 272 503 animo
294 441 427 504 valuisse.
461 442 545 503 Tum
559 441 637 502 idem
654 441 801 520 Hiempsal
816 441 933 519 plaeere
954 441 1010 502 sihi
1027 452 1101 504 red

89 527 225 605 spondit:
247 543 317 587 nam
332 527 428 605 ipsum
450 524 531 587 illum
552 524 647 585 trihus
664 527 815 603 proxumis
836 526 920 586 annis
941 524 1075 607 [adopta-

91 608 186 691 tione]
206 611 237 670 iu
257 628 384 690 regnum
405 611 582 688 pervenisse.
614 608 699 684 Quod
715 608 839 672 verbum
860 609 890 670 in
910 617 1014 692 peetus
1029 609 1101 687 lu·7
1148 681 1153 689 ,

69 693 220 772 sgurehae
239 694 324 760 altius
339 713 427 780 quam
443 695 596 782 quisquam
610 704 692 764 ratus
704 705 767 765 erat
784 697 941 765 deseendit.
964 698 1101 783 ltaqueu

91 797 129 840 ex
153 798 189 842 eo
208 787 342 862 tempore
363 785 405 846 ira
429 794 458 847 et
479 793 559 848 metu
580 789 683 848 anxius
697 787 792 849 moliri
814 806 921 866 parare
936 794 1022 867 atque
1042 806 1075 848 ea

91 866 182 928 modo
198 884 265 928 oum
281 870 378 929 animo
393 868 514 950 hahere,
523 871 628 950 quihus
641 872 789 951 Hiempsal
804 891 857 951 per
873 871 972 934 dolum
990 889 1075 951 eape-

91 957 186 1010 retur.
231 951 311 1023 Quae
332 952 384 1027 uhi
405 955 516 1016 tardius
534 956 699 1033 procedunt
716 974 812 1035 neque
833 955 941 1017 lenitur
963 956 1076 1017 animus

93 1032 187 1104 ferox,
209 1038 308 1097 statuit
330 1039 432 1118 quovis
450 1039 538 1099 modo
559 1041 708 1118 inceptum
730 1041 882 1117 perficere.

56 1143 83 1185 aa
120 1129 124 1136 '
178 1119 278 1181 Primo
301 1129 459 1191 conventu,
484 1141 571 1201 quem
592 1122 628 1184 ab
649 1122 759 1200 regulis
780 1124 889 1185 iactum
907 1142 997 1204 supra
1014 1141 1075 1184 me·
1088 1121 1126 1182 12

92 1205 220 1274 morari,
249 1212 372 1284 propter
394 1206 604 1267 dissensionem
624 1206 774 1286 placuerat
795 1207 882 1268 dividi
902 1208 1078 1269 thensauros

91 1289 218 1367 finisque
230 1289 337 1366 imperi
351 1290 474 1367 singulis
487 1292 630 1352 constitui.
659 1289 761 1368 ltaque
779 1298 896 1369 tempus
915 1291 952 1351 ad
966 1301 1104 1353 utram-2

93 1391 152 1453 que
171 1388 236 1432 rem
254 1372 434 1444 decernitur,
454 1380 499 1435 set
513 1375 656 1435 maturius
671 1374 708 1435 ad
729 1377 885 1452 pecuniam
901 1374 1077 1436 distribuen-

94 1457 172 1517 dam.
206 1454 311 1532 Reguli
325 1459 438 1518 interea
455 1460 485 1517 iu
499 1456 564 1518 loca
575 1458 741 1538 propinqua
753 1459 920 1520 thensauris
933 1457 1006 1520 alius
1021 1458 1077 1519 alio

58 1555 277 1602 ueonoessere.
323 1541 373 1602 Set
395 1539 544 1619 Hiempsal
565 1543 594 1601 in
617 1541 725 1620 oppido
745 1541 895 1602 Thirmida
917 1542 993 1603 forte
1015 1544 1104 1605 eius3

93 1625 182 1685 domo
202 1622 348 1695 utebatur,
373 1626 423 1703 qui
433 1641 595 1702 proxumus
605 1624 692 1685 lictor
701 1626 860 1703 Iugurthae
873 1643 959 1687 carus
973 1643 1076 1703 aceep-

92 1715 200 1786 tusque
214 1708 241 1768 ei
256 1724 373 1785 semper
387 1709 491 1770 iuerat.
509 1708 603 1780 Quem
617 1707 665 1770 ille
683 1727 753 1771 oasu
766 1711 932 1771 ministrum
947 1708 1077 1770 oblatum

92 1792 246 1870 promissis
268 1798 372 1852 onerat
392 1791 578 1872 inpellilque,
602 1795 646 1854 uti
664 1801 813 1873 tamquam
833 1811 886 1855 sua
908 1795 1003 1854 visens
1025 1793 1077 1854 do·

92 1893 176 1935 mum
192 1884 247 1945 eat,
263 1883 417 1954 portarum
433 1875 520 1937 elaris
540 1875 718 1938 adulterinas
735 1885 820 1956 paret
844 1911 879 1922 -
904 1896 973 1938 nam
991 1895 1077 1937 verae

58 1958 132 2021 eoad
150 1958 347 2036 Hiempsalem
363 1958 570 2021 referebantur
588 1995 641 2030 -‚
672 1967 819 2031 ceterum,
843 1959 895 2022 ubi
914 1979 963 2021 res
976 1968 1077 2039 postu·

95 2041 181 2111 leret,
197 2060 230 2103 se
244 2044 340 2123 ipsum
355 2062 423 2104 oum
438 2060 544 2121 magna
560 2062 649 2104 manu
663 2051 828 2106 venturum.
857 2044 982 2105 Numida
996 2054 1103 2103 man-4

96 2127 164 2187 data
185 2125 269 2187 brevi
289 2128 405 2188 coniicit
426 2135 523 2207 atque,
539 2129 582 2208 uti
604 2128 707 2188 doetus
721 2137 793 2198 erut,
814 2133 904 2189 noetu
920 2127 1078 2203 Iugurthae

95 2209 202 2271 milites
223 2210 391 2272 introducit.
416 2209 472 2281 Qui
487 2220 641 2291 postquam
662 2214 692 2271 in
710 2212 789 2273 aedis
805 2213 953 2289 inrupere,
973 2210 1105 2273 divorsis

95 2309 198 2371 regem
218 2311 378 2373 quaerere,
403 2295 574 2356 dormientis
594 2293 752 2356 aliosalios
770 2296 951 2356 occursantis
968 2294 1078 2355 interii·

59 2395 174 2448 meere,
197 2380 322 2439 serutari
336 2377 401 2439 loea
418 2377 524 2448 abdita,
546 2377 643 2439 clausa
665 2380 836 2456 effringere,
846 2379 969 2457 strepitu
984 2385 1013 2439 ot
1032 2385 1077 2437 tu·
1117 2456 1123 2461 .

93 2461 189 2522 multu
204 2463 300 2522 omnia
314 2464 454 2523 miscere:
476 2479 544 2522 eum
564 2462 681 2522 interim
697 2460 845 2539 Hiempsal
860 2463 1007 2538 reperitur
1029 2478 1077 2521 oo·

95 2544 210 2606 oultans
225 2562 257 2606 se
277 2543 336 2626 [in]
352 2547 471 2623 tugurio
486 2543 617 2607 mulieris
631 2543 767 2614 aneiHae,
783 2562 841 2624 quo
860 2545 940 2604 initio
957 2543 1079 2622 pavidus

95 2635 125 2689 et
143 2631 266 2705 ignarus
282 2629 338 2688 loei
355 2630 534 2707 perfugerat.
578 2628 725 2690 Numidae
742 2636 830 2706 eaput
851 2629 927 2695 eius,
951 2628 994 2687 uti
1008 2628 1079 2688 iussi

95 2719 194 2782 erant,
218 2712 255 2772 ad
275 2711 448 2788 Iugurtham
468 2712 610 2774 referunt.

58 2813 86 2854 ao
182 2795 319 2856 Ceterum
336 2796 413 2856 lama
424 2798 496 2857 tanti
508 2796 646 2857 iaeinoris
656 2814 711 2876 per
725 2798 842 2857 omnem
857 2795 985 2856 hirioam
1000 2794 1083 2856 brevi
1092 2795 1128 2856 13

95 2877 276 2956 divulgatur:
298 2878 495 2940 Adherbalem
509 2883 662 2960 omnisque
680 2881 730 2959 qui
744 2879 798 2940 sub
810 2880 936 2958 imperio
943 2878 1079 2957 Micipsae

94 2963 214 3024 fuerant
236 2970 333 3023 metus
350 2963 474 3024 invadit:
496 2964 614 3025 induas
633 2965 725 3042 partis
747 2963 901 3023 discedunt
919 2961 1079 3023 Numidae:

93 3045 197 3127 plures
209 3045 405 3107 Adherbalem
419 3054 568 3118 secuntur,
589 3055 633 3109 set
650 3045 732 3108 illum
747 3044 870 3106 alterum
884 3044 962 3107 hello
978 3043 1079 3104 meho-

94 3147 154 3192 res.
197 3129 290 3209 Igitur
310 3129 451 3208 iugurtha
467 3148 555 3211 quam
573 3147 725 3191 maxumas
738 3136 835 3209 potest
855 3130 954 3206 copias
976 3136 1106 3197 armate

61 3215 179 3277 murhis
200 3216 307 3292 partim
320 3217 348 3275 ri
370 3212 441 3276 alias
462 3214 611 3275 voluntate
632 3214 757 3292 imperio
775 3231 829 3275 suo
845 3212 984 3287 adiungit,
1000 3212 1079 3271 omni

96 3297 251 3359 Numidiae
261 3301 510 3375 imperareparat.
532 3297 691 3368 Aduerbu,
708 3297 822 3358 tametsi
836 3293 1106 3371 Romamlegatosa

96 3382 234 3451 arriserat,
258 3383 309 3459 qui
329 3387 462 3442 senatum
485 3381 626 3442 docerent
641 3382 677 3442 de
692 3381 781 3442 oaede
796 3379 894 3440 fratris
909 3383 938 3438 et
954 3377 1080 3440 iortunis

96 3465 172 3536 suis,
193 3472 293 3526 tamen
310 3464 402 3525 iretus
415 3463 600 3561 multitudine
621 3466 744 3527 militum
765 3462 888 3542 parabat
902 3463 991 3523 armis
1009 3479 1079 3523 eon·
