2378 3864
213 163 257 204 na
278 161 381 205 sacco
404 161 605 207 1111111111
629 163 655 206 1.
679 154 785 210 61167.
810 157 854 212 68.
988 148 1028 210 79

45 314 100 390 111,
130 319 159 374 11
182 330 319 373 maxume
340 311 547 382 Numidarum,
574 313 690 390 ingenio
717 312 833 384 mobili,
858 315 1028 379 seditiosum

44 405 135 478 atque
155 396 368 457 discordiosum
388 404 460 467 erat,
481 395 620 475 cupidum
638 414 780 458 1111111111
801 415 915 467 reram,
939 400 1028 478 quieti

45 492 73 544 et
95 480 156 541 1111
179 479 344 541 advorsum.
382 479 456 541 Dein
471 481 628 558 conpositis
644 481 721 542 inter
738 499 770 543 se
790 481 881 544 rebus
898 483 929 542 111
950 482 1027 544 diem

45 566 165 626 tertium
184 564 372 633 constituunt,
395 563 474 643 quod
495 565 520 625 is
534 564 625 626 festus
646 564 867 644 celebratusque
888 584 943 644 per
964 585 1027 627 om·

45 667 112 711 nem
132 648 262 710 Africam
284 647 386 708 ludum
408 656 438 708 11
457 646 603 709 lasciviam
622 650 714 727 magis
739 668 826 728 quam
842 651 1025 712 formidinem

44 731 219 794 ostentabat.
263 732 314 793 Set
335 731 386 793 ubi
407 740 524 810 tempus
546 731 608 803 fuit,
631 735 816 795 centuriones
832 734 1051 813 tribunosque3

45 815 178 879 militaris
200 824 229 878 et
247 816 344 896 ipsum
365 816 547 895 praefectum
568 817 681 896 oppidi,
712 817 745 877 T.
767 817 931 898 Turpilium
953 818 1025 880 Sila-

45 920 125 972 num,
150 901 223 962 alius
245 899 333 961 alium
355 901 458 961 domos
479 917 548 961 suas
568 900 697 970 invitant,
719 919 769 962 eos
789 904 883 963 omnis
908 912 1025 981 praeter

45 985 210 1065 Turpilium
227 985 304 1045 inter
326 982 427 1062 epulas
448 984 641 1047 obtruncant:
658 996 758 1062 postea
772 986 877 1046 milites
891 987 1024 1065 palantis

45 1073 184 1139 inermos,
206 1070 314 1147 quippe
328 1069 358 1128 in
373 1067 423 1128 tali
439 1068 503 1138 die,
527 1087 561 1129 ac
579 1070 641 1129 sine
653 1071 790 1148 imperio,
804 1071 1023 1148 adgrediuntur.

44 1156 126 1216 ldem
153 1152 255 1231 plebes
283 1153 366 1222 facit,
395 1170 464 1230 pars
486 1150 581 1212 edocti
609 1152 645 1213 ab
666 1153 831 1223 nobilitate,
860 1154 908 1217 alii
930 1157 1051 1218 studies

45 1238 146 1299 talium
166 1254 267 1297 rerum
287 1237 412 1305 incitati,
435 1237 499 1315 quis
515 1243 578 1296 acta
594 1235 804 1315 consiliumque
822 1238 1025 1314 ignorantibus

45 1320 187 1383 tumultus
205 1321 268 1398 ipsc
289 1328 318 1381 et
339 1338 388 1381 res
410 1337 503 1380 novae
523 1320 592 1380 satis
611 1318 773 1399 placebant.
805 1320 929 1383 Romani
950 1323 1024 1384 mili·
1034 1322 1072 1384 67

45 1415 102 1476 tes,
129 1405 277 1481 inproviso
291 1411 370 1466 metu
390 1404 495 1465 incerti
513 1404 665 1482 ignarique
687 1405 756 1483 quid
775 1406 967 1482 potissumum
982 1408 996 1466 f
1012 1440 1024 1453 -
1123 1467 1125 1473 ,

45 1498 162 1558 cercnt,
185 1488 349 1565 trepidare:
387 1487 424 1549 ad
460 1505 559 1548 arcem
580 1487 694 1566 oppidi,
720 1488 770 1550 ubi
791 1490 874 1566 signa
894 1500 923 1550 et
942 1501 1023 1552 scuta

45 1585 143 1645 erant,
182 1574 362 1653 praesidium
395 1575 543 1646 hostium,
580 1586 684 1656 portae
717 1587 785 1639 ante
818 1577 936 1639 clausae
955 1578 1023 1653 fuga

45 1659 255 1742 prohibebant:
285 1657 400 1719 adhoc
429 1658 568 1721 mulieres
590 1662 736 1740 puerique
764 1679 819 1740 pro
848 1661 1023 1722 tectisaedi·

45 1749 177 1809 boiorum
193 1765 261 1808 saxa
276 1755 305 1808 et
324 1747 388 1816 alia,
407 1765 481 1826 quae
503 1746 586 1807 locus
607 1746 936 1825 praebebatcertatim
956 1751 1022 1810 mit-

45 1849 113 1893 111.
157 1830 200 1891 lta
222 1849 318 1910 neque
340 1832 435 1892 caveri
451 1848 559 1908 anceps
573 1829 691 1901 malum,
705 1849 802 1911 neque
817 1851 832 1892 a
849 1833 1047 1897 fortissumise

45 1916 251 1976 miirmissumo
266 1916 368 1992 generi
381 1916 476 1976 resisti
491 1932 592 1992 posse:
608 1916 687 1976 iuxta
702 1915 772 1976 boni
786 1915 927 1995 malique,
947 1926 1020 1978 stre·

45 2001 92 2060 oui
108 2007 138 2060 et
152 1997 275 2059 inbelles
290 1998 373 2060 inulti
387 1998 566 2060 obtruncari.
597 1999 630 2059 ln
646 2018 679 2060 ea
694 2008 774 2061 tanta
789 2001 943 2079 asperitate
958 2016 1046 2066 sae-3

45 2084 177 2145 1111111111
194 2081 326 2143 Numidis
340 2093 368 2144 et
384 2083 492 2162 oppido
506 2082 636 2161 undique
651 2082 749 2144 clauso
767 2083 914 2161 Turpilius
936 2102 1020 2160 prae·

45 2170 136 2230 fectus
155 2184 232 2227 unus
254 2185 288 2227 ex
308 2167 443 2227 omnibus
462 2167 567 2227 ltalicis
589 2168 714 2228 intactus
735 2167 873 2244 profugit.
917 2168 1021 2228 1111111-

45 2250 242 2314 sericordiane
252 2250 373 2328 hospitis
385 2269 421 2314 an
432 2252 568 2334 pactione
580 2260 631 2312 aut
643 2267 711 2311 casu
725 2252 762 2311 ita
774 2252 900 2312 11111111
916 2269 1020 2328 parum

45 2336 246 2415 conperimus,
263 2335 332 2404 nisi,
346 2337 412 2414 quia
428 2333 469 2394 illi
484 2335 610 2394 intanto
628 2332 705 2395 malo
724 2336 818 2412 turpis
837 2336 892 2395 vita
907 2336 1021 2414 integra

45 2421 119 2482 lama
134 2421 230 2497 potior
251 2419 312 2488 fuit,
331 2417 473 2496 inprobus
494 2416 722 2496 intestabilisque
742 2418 866 2480 ridetur.
1011 2473 1013 2477 ,

124 2505 271 2577 Metellus,
294 2514 449 2585 postquam
478 2506 514 2568 de
536 2505 626 2569 robus
648 2505 746 2583 Vagae
782 2510 854 2569 actis
877 2511 1020 2587 conperit,
1033 2515 1072 2579 68

45 2589 188 2668 >aulisper
210 2599 338 2652 maestus
361 2609 396 2651 ex
419 2599 578 2670 conspectu
600 2590 676 2653 abit:
703 2590 823 2662 deinde,
846 2591 897 2654 ubi
924 2595 969 2654 ira
992 2606 1021 2654 et

45 2676 194 2755 negritudo
210 2676 354 2753 permixta
369 2684 450 2746 sunt,
475 2693 541 2736 cum
557 2693 693 2737 maxuma
710 2693 780 2737 cura
795 2675 890 2737 ultum
912 2677 956 2737 ire
976 2679 1021 2738 in-

45 2762 131 2823 iurias
147 2759 273 2821 festinat.
300 2759 469 2839 Legionem,
487 2779 552 2821 cum
569 2779 626 2840 qua
642 2758 798 2831 hiemabat,
815 2770 944 2841 atquem
957 2760 1050 2841 plu-²

45 2861 143 2906 11111111
171 2843 269 2921 potest
290 2842 430 2906 Numidas
453 2847 566 2923 equites
597 2846 708 2924 pariter
731 2863 798 2905 cum
821 2863 927 2907 occasu
954 2845 1025 2908 solis

45 2927 192 3009 expeditos
208 2929 305 2989 educit
321 2936 350 2990 et
364 2940 482 3005 postera
498 2929 544 2992 die
560 2930 677 2990 circiter
699 2930 803 2990 boram
817 2931 934 2991 tertiam
955 2947 1023 3009 per·

45 3014 167 3074 11111111
191 3012 337 3091 quandam
358 3011 525 3090 planitiem,
547 3013 621 3075 locis
642 3013 729 3092 paulo
749 3013 952 3091 superioribus
967 3016 1020 3075 cir·

45 3105 233 3159 :amoeniam
277 3097 319 3158 lbi
335 3095 442 3160 milites
464 3097 556 3160 fessos
570 3098 683 3159 itineris
696 3092 896 3177 magnitudine
918 3107 946 3158 et
966 3099 1051 3158 iamt

45 3180 197 3243 abnuentis
212 3183 309 3242 omnia
325 3181 424 3253 docet,
440 3183 580 3260 oppidum
600 3183 708 3261 Vagam
729 3199 789 3243 non
804 3181 929 3260 amplius
944 3180 1023 3242 mille

45 3283 181 3344 passuum
194 3263 312 3328 abesse:
329 3266 435 3329 decere
451 3265 517 3328 illos
531 3265 654 3329 relicum
669 3265 803 3329 laborem
818 3284 913 3347 aequo
924 3265 1022 3328 animo

45 3351 113 3430 pati,
129 3348 201 3411 dum
216 3367 271 3428 pro
286 3349 398 3412 civibus
413 3353 488 3422 suis,
503 3352 574 3412 viris
588 3350 764 3414 fortissumis
779 3359 866 3428 atque
880 3350 1021 3412 miserru-

45 3434 109 3507 mis,
125 3451 238 3515 poenas
254 3446 406 3515 caperent:
428 3444 582 3516 praeterea
597 3435 738 3516 praedam
752 3434 880 3514 benigne
896 3442 1028 3497 ostentat
