2378 3864
215 204 258 244 ou
281 202 452 246 caumana
476 204 716 250 courvaamouu
737 205 766 249 o.
789 197 832 250 24.
852 198 895 251 is.
916 197 960 252 26.
1037 185 1075 247 13

96 368 188 412 novos
211 351 333 431 adeptus
351 350 435 412 loret.
477 352 527 414 Set
547 354 599 415 ubi
624 352 790 432 periculum
814 353 942 424 advenit,
969 353 1076 416 invidia

95 444 184 513 atque
202 434 342 513 superbia
359 442 426 512 post
444 434 537 497 fuere.

179 517 271 594 Igitur
293 519 416 578 comitiis
432 517 538 580 habitis
555 520 689 582 consides
708 521 894 583 declarantur
909 521 947 582 M.
964 520 1125 584 'luillius2l

96 609 125 663 et
139 603 173 664 G.
189 601 341 662 Antonius.
365 599 450 671 Quod
465 601 575 664 lactum
588 606 684 682 primo
702 602 853 684 popullris
868 606 1101 667 coniurationis2

69 691 294 749 sconcusserat.
315 685 418 762 Neque
438 693 535 748 nmen
551 686 689 750 Catilinae
706 688 791 750 furor
809 688 1011 759 minuebatur,
1031 697 1076 751 set

93 771 125 831 ln
143 770 206 830 dies
224 767 310 847 plura
324 769 443 846 agitare,
456 785 536 829 arma
551 784 607 846 per
621 767 733 830 ltaliam
746 769 819 832 locis
834 773 1006 852 opportunis
1022 786 1074 851 pa·

93 871 176 923 rare,
199 853 356 930 pecuniam
377 869 429 912 sua
451 859 501 913 aut
522 854 683 915 amicorum
698 853 757 915 ilde
775 862 921 933 sumptam
943 862 1075 917 mutuam

92 935 232 998 Faesulas
254 936 291 998 ad
310 933 448 996 Manlium
470 936 615 1015 quendam
638 945 772 1015 portare,
796 939 847 1016 qni
868 946 971 1017 postea
992 941 1073 1017 prin·

94 1038 165 1098 ceps
179 1020 234 1082 luit
248 1017 317 1079 belli
333 1018 470 1080 faciundi.
506 1019 548 1082 Ea
567 1025 740 1100 tempestate
757 1020 910 1100 plurumos
933 1025 1101 1102 cuiusquea

62 1105 215 1182 reponeris
235 1102 369 1164 homines
389 1103 543 1165 adscivisse
565 1104 621 1166 sibi
639 1106 754 1175 dicitur,
770 1104 909 1167 moderes
923 1107 1010 1168 etiam
1023 1105 1074 1168 ali·

93 1195 180 1266 quot,
207 1205 281 1267 quae
302 1188 398 1265 primo
420 1187 546 1263 ingentis
567 1197 701 1267 sumptus
720 1195 824 1267 stupro
846 1191 979 1268 corporis
1000 1190 1073 1251 tole·

91 1279 242 1342 reserant,
265 1276 333 1348 post
353 1269 404 1331 ubi
420 1276 499 1331 aetas
520 1277 633 1333 tantum
653 1271 742 1333 modo
762 1275 895 1352 quaestui
916 1291 1013 1353 neque
1028 1273 1073 1335 lu·

92 1355 194 1416 xuriae
216 1354 336 1416 modum
360 1353 485 1423 lecerat,
514 1372 563 1416 aes
585 1354 712 1416 alienum
733 1356 845 1432 grande
866 1356 1071 1418 conflaverant.

92 1438 150 1499 Per
168 1457 217 1499 eas
238 1456 270 1500 se
290 1437 410 1510 Catilina
433 1437 573 1499 credebat
593 1455 680 1517 posse
702 1440 818 1500 servitia
839 1439 953 1500 urbana
966 1439 1098 1506 sollici-4

56 1542 81 1582 rc
93 1527 170 1591 tare,
191 1522 296 1584 urbem
312 1521 480 1592 incendere,
503 1523 582 1584 viros
594 1540 698 1584 earum
718 1521 764 1583 vel
783 1523 942 1599 adungere
958 1522 1012 1583 sibi
1026 1523 1070 1584 vel

91 1605 268 1667 interficere.

177 1689 227 1750 Set
247 1683 340 1751 ineis
363 1695 427 1750 erat
447 1689 635 1768 Sempronia,
665 1708 741 1769 quae
761 1688 853 1750 multa
874 1706 961 1768 saepe
983 1688 1121 1750 viduli

91 1772 231 1833 audaciae
249 1771 378 1833 facinora
402 1775 585 1834 conmiserat.
630 1774 710 1835 llaec
731 1771 837 1834 mulier
854 1789 964 1850 genere
986 1780 1097 1852 atquae

91 1855 202 1925 forma,
229 1862 383 1934 praeterea
405 1857 468 1916 viro
484 1850 594 1918 'liberis
614 1859 683 1919 satis
703 1857 851 1919 fortunata
872 1857 938 1917 luit:
968 1856 1071 1918 littoris

39 1940 212 2005 aoCraecis
234 1948 263 2001 et
280 1940 389 2001 Latinis
409 1939 507 2010 docta,
527 1941 652 2018 psallere
673 1939 779 2002 saltare
802 1940 961 2016 elegantius
983 1957 1071 2018 quam

89 2040 212 2085 necesse
234 2030 278 2086 est
297 2021 424 2101 probae,
446 2023 537 2085 multa
553 2024 618 2094 alia,
633 2042 709 2104 quae
726 2025 920 2085 instrumenta
938 2022 1071 2084 luxuriae

89 2114 167 2167 sunt.
201 2107 252 2169 Set
272 2108 299 2168 ei
321 2108 435 2168 cariora
456 2124 573 2186 semper
592 2109 689 2169 omnia
705 2125 793 2186 quam
811 2107 901 2168 decus
915 2113 1002 2184 atque
1016 2117 1101 2183 pua·

89 2191 186 2252 dicitia
205 2189 271 2252 fuit:
289 2190 432 2268 pecuniae
450 2207 487 2250 an
502 2189 596 2252 lamae
610 2193 707 2252 minus
721 2196 872 2268 parceret,
893 2189 965 2250 haut
986 2189 1071 2251 facile

89 2275 289 2335 discerneres:
313 2272 444 2334 lubidine
462 2276 504 2334 sic
519 2274 659 2344 adcensa,
681 2281 714 2334 ut
732 2273 849 2351 saepius
865 2279 978 2351 peteret
992 2274 1070 2333 viros

56 2374 179 2437 aquam
196 2362 354 2433 peteretur.
401 2355 451 2416 Set
473 2374 506 2417 ea
528 2375 615 2435 saepe
635 2357 759 2418 antehac
779 2357 867 2418 fldem
888 2356 1095 2434 prodideram

88 2440 233 2503 creditum
248 2437 450 2507 abiuraverat,
475 2439 571 2501 caedis
586 2441 701 2500 conscia
716 2439 826 2500 luerat:
847 2438 961 2501 luxuria
983 2445 1070 2518 atque

89 2525 187 2602 inopia
202 2539 345 2601 praeceps
360 2519 480 2583 abierat.
510 2522 620 2583 Verum
638 2522 788 2598 ingenium
803 2525 866 2582 eius
880 2521 952 2582 haut
967 2520 1096 2584 elisur-a

90 2609 175 2669 dum:
190 2624 276 2685 posse
292 2622 394 2667 versus
412 2605 524 2675 lacere,
547 2606 644 2666 iocum
659 2622 793 2674 movere,
814 2621 951 2665 sermone
968 2606 1012 2666 uti
1027 2604 1071 2666 vel

90 2690 223 2752 modesto
238 2689 282 2752 vel
296 2688 377 2750 molli
390 2688 439 2750 vel
452 2690 587 2767 procaci:
604 2705 727 2767 prorsus
741 2685 850 2749 multae
861 2687 981 2750 facetiae
995 2687 1070 2752 mul·

55 2796 81 2839 eo
90 2783 196 2853 iusque
213 2773 296 2852 lepos
310 2775 413 2834 inerat.

173 2858 225 2919 His
235 2857 325 2919 rebus
337 2858 502 2935 conparatis
513 2855 633 2918 Catilina
643 2855 734 2918 nihilo
745 2858 841 2917 minus
852 2856 882 2916 in
893 2873 1070 2934 proxumum
1080 2856 1120 2919 26

91 2960 200 3004 anuum
222 2940 404 3002 consulatum
425 2940 555 3019 petebat,
584 2957 721 3018 sperans,
749 2941 774 3000 si
795 2939 962 3016 designatus
984 2940 1069 3010 foret,

90 3026 173 3088 iacile
201 3043 233 3086 se
258 3043 294 3085 ex
321 3023 467 3085 voluntate
494 3024 619 3085 Antonio
648 3041 781 3085 usurum
830 3024 932 3102 Neque
959 3025 1071 3086 interea

91 3111 208 3190 quietus
229 3115 301 3178 erat,
325 3115 369 3168 set
389 3107 524 3169 omnibus
540 3109 635 3168 modis
655 3106 773 3169 insidias
788 3106 910 3187 parabat
927 3105 1069 3168 Ciceroni.

53 3218 82 3260 as
90 3195 193 3272 Neque
215 3191 256 3253 illi
269 3199 367 3253 umen
389 3190 425 3251 ad
448 3191 608 3252 cavendum
623 3190 707 3251 dolus
726 3198 775 3252 aut
797 3192 917 3252 astutiae
937 3188 1096 3254 daerente

91 3277 225 3356 Namque
253 3295 270 3337 a
296 3276 439 3354 principio
470 3272 638 3335 consulatus
660 3275 705 3334 sui
724 3273 815 3336 multa
834 3272 998 3352 pollicendo
1016 3285 1096 3351 pere

90 3359 222 3422 Fulviam
240 3359 392 3427 effecerat,
414 3364 447 3418 ut
461 3358 495 3430 Q.
512 3356 630 3427 Curius,
651 3356 687 3418 de
703 3375 761 3436 quo
775 3357 864 3437 paulo
878 3362 944 3417 ante
959 3373 1069 3417 memo·

89 3445 160 3514 ravi,
178 3442 296 3504 consilia
308 3441 445 3504 Catilinae
460 3440 516 3503 sibi
528 3440 729 3520 proderetdd
746 3442 803 3503 hoc
817 3438 969 3515 conlegam
984 3457 1096 3507 suumn
