2378 3864
158 161 200 224 28
336 181 379 223 nn
402 180 576 224 oaumnanx
598 179 842 224 correctricem
865 180 892 222 o.
915 176 959 228 51.

161 330 211 408 qui
230 328 422 393 seditionibus
435 347 499 390 rem
511 327 659 407 publicam
674 331 904 406 exagitaverant,
927 332 1033 390 merito
1052 348 1136 390 neca·

118 420 208 472 astos
223 412 348 474 aiebant
385 412 436 473 Set
456 431 490 474 ea
511 430 560 472 res
579 430 704 490 magnae
719 414 833 473 initium
848 411 937 472 cladis
958 413 1021 474 init
1065 413 1137 475 Nam

159 498 202 556 uti
216 498 339 576 quisque
356 497 476 558 domum
494 503 545 556 aut
564 496 676 566 villam,
691 504 840 575 postremo
856 515 905 557 ras
921 503 973 557 ant
984 498 1136 558 vestimen-

157 587 221 640 tum
232 581 355 642 alicuius
368 582 584 658 concupiverat,
601 579 690 641 dabat
703 598 834 659 operam,
856 588 891 641 nt
904 581 930 640 is
942 582 972 641 in
988 584 1137 660 proscrip-

112 672 146 724 34
158 671 258 725 torum
277 681 401 725 numero
423 671 509 725 esset.
543 664 586 724 lta
601 663 655 733 illi,
678 663 785 744 peribus
805 663 972 743 Damasippi
985 682 1069 725 mors
1081 664 1154 728 laet

87 769 92 774 ·
154 749 235 808 litiae
250 748 361 816 iuerat,
378 747 467 825 paulo
482 757 550 826 post
563 749 618 826 ipsi
636 747 843 816 trahebantur,
861 766 957 826 neque
971 751 1057 825 prins
1074 750 1136 810 linit

110 842 145 894 35
155 830 304 908 iugulandi
327 831 381 891 trit
395 848 483 911 quem
500 831 580 892 Sulla
595 833 690 892 omnis
705 849 776 892 suos
797 832 900 892 dividis
919 831 1055 909 explevit.
1088 834 1135 893 At·

154 932 211 993 que
230 933 286 993 ego
307 916 381 977 baec
399 933 459 975 non
481 917 512 975 in
526 914 564 974 lt.
581 913 678 975 Tullio
699 932 797 994 neque
818 915 864 975 bis
883 916 1068 994 temporibus
1089 936 1135 978 ve·

153 1014 238 1057 reor:
259 1005 304 1060 set
322 1000 353 1059 in
374 1016 480 1075 magua
498 1000 612 1059 civitate
631 998 722 1059 multa
746 1006 776 1060 et
807 1001 888 1060 varia
914 1001 1032 1076 ingenia
1057 1010 1133 1062 sunt

111 1097 146 1150 30
154 1079 254 1142 Potest
263 1081 320 1142 alio
336 1090 478 1160 ternpore,
491 1082 547 1143 alio
563 1081 692 1152 consule,
708 1085 755 1144 cui
765 1085 834 1143 item
846 1084 992 1144 exercitus
1002 1085 1033 1144 in
1048 1100 1162 1146 manno

153 1165 205 1232 sit,
232 1164 339 1226 salsum
360 1167 468 1246 aliquid
487 1183 543 1246 pro
564 1184 635 1226 vero
657 1167 753 1228 credi:
775 1165 828 1227 ubi
848 1166 906 1228 boc
928 1168 1064 1245 exemplo
1083 1187 1135 1247 per

153 1250 247 1309 senati
269 1250 421 1312 decretum
443 1249 546 1312 consul
567 1249 696 1327 gladium
718 1251 865 1319 eduxerit,
894 1254 959 1329 quis
985 1251 1027 1312 illi
1048 1253 1136 1314 linem

154 1338 270 1403 statuet,
294 1343 345 1395 aut
365 1337 429 1414 quis
446 1334 665 1396 moderabitur?

112 1435 145 1486 37
240 1416 366 1480 Maiores
378 1421 486 1487 nostri,
510 1425 609 1496 patres
623 1419 790 1495 conscripti,
812 1435 908 1498 neque
923 1418 1026 1479 consili
1041 1437 1136 1498 neque

154 1501 294 1564 audaciae
303 1519 444 1582 umquam
455 1519 573 1580 eguere,
589 1519 685 1581 neque
694 1501 751 1561 illis
764 1501 902 1580 superbia
917 1501 1063 1572 obstabat,
1079 1518 1163 1582 quoe

153 1587 251 1648 minus
269 1586 363 1647 aliena
383 1588 528 1656 instituta,
551 1587 576 1646 si
597 1585 685 1645 modo
706 1583 801 1663 proba
819 1593 917 1657 erant,
941 1588 1133 1648 imitarentur.

108 1672 242 1737 nedrma
259 1677 347 1748 atque
363 1669 420 1730 tela
437 1669 572 1730 militaria
587 1668 624 1728 ab
639 1667 826 1737 Samnitibus,
845 1671 970 1746 insignia
983 1673 1135 1749 magistra·

153 1759 237 1813 tuum
253 1752 290 1812 ab
306 1751 413 1812 Tuscis
428 1750 570 1831 pleraque
584 1758 787 1829 sumpserunt:
809 1760 959 1831 postremo
976 1755 1057 1833 quod
1071 1754 1135 1815 ubi·

153 1854 211 1915 que
226 1836 304 1914 apud
320 1838 416 1897 socios
433 1843 485 1896 aut
499 1835 590 1897 bostis
604 1835 743 1897 idoneum
757 1836 920 1907 videbatur,
937 1856 1006 1899 oum
1019 1856 1134 1900 summo

152 1921 249 1982 studio
268 1919 347 1980 domi
376 1919 615 1998 exequebantur:
643 1921 750 1980 imitari
778 1938 867 1998 mam
894 1922 1023 1984 invidm
1050 1922 1162 1984 bono»

109 2016 143 2069 39
153 2002 309 2065 malebant.
331 2003 383 2065 Set
396 2004 500 2064 eodem
510 2002 560 2064 illo
575 2011 708 2082 tempore
720 2001 876 2084 [Graeciae
890 2023 1005 2068 moroan
1018 2006 1133 2086 imitati]

153 2087 326 2150 verberibus
340 2087 612 2149 animadvortebant
632 2089 663 2148 in
680 2089 759 2154 civis,
782 2088 819 2148 de
834 2089 1036 2151 condemnatis
1055 2109 1134 2151 sum·

108 2186 143 2238 40
154 2190 235 2233 mum
248 2171 424 2250 subplicium
442 2171 606 2232 sumebant.
637 2170 795 2248 Postquam
809 2188 858 2232 res
877 2172 994 2252 publica
1011 2174 1134 2235 adolevit

153 2262 182 2317 et
195 2255 379 2315 multitudiue
393 2257 499 2317 civium
519 2255 660 2318 factiones
674 2253 807 2324 valuere,
831 2257 1037 2319 circumveniri
1050 2260 1134 2320 inno·

153 2345 261 2406 centes,
276 2337 332 2398 alia
346 2336 470 2399 huiusce
485 2338 565 2400 modi
580 2339 645 2400 lieri
662 2356 804 2417 coepere,
822 2346 886 2400 tum
901 2339 949 2401 lex
963 2340 1068 2403 Porcia
1083 2343 1132 2402 ali-
1141 2357 1162 2396 o

153 2439 245 2500 aeque
264 2419 345 2498 leges
359 2429 478 2500 paratae
495 2430 578 2492 sunt,
603 2423 710 2503 onibus
725 2422 840 2500 legibus
855 2424 974 2485 exilium
989 2425 1133 2488 damnatis

109 2519 142 2570 41
154 2505 329 2584 permissum
349 2514 402 2567 est.
430 2507 513 2568 llanc
529 2526 584 2586 ego
605 2525 747 2575 caussam
769 2514 869 2584 patres
887 2510 1053 2586 conscripti,
1076 2529 1134 2590 quo

152 2591 249 2650 minus
267 2605 375 2650 novom
389 2591 542 2651 consilium
559 2593 716 2668 capiamus,
732 2591 762 2649 in
779 2591 881 2666 primis
898 2606 1035 2666 magnam
1051 2603 1133 2670 pnto.

110 2687 145 2736 tt
154 2671 290 2734 Proiecto
308 2675 400 2734 virtus
421 2681 509 2752 atque
528 2675 669 2752 sapientia
684 2673 778 2732 maior
799 2673 829 2730 in
850 2672 905 2731 illis
927 2672 996 2739 init,
1023 2679 1075 2752 qui
1098 2698 1134 2739 ex

152 2757 250 2835 parvis
272 2756 376 2834 opibus
394 2764 507 2818 tantum
518 2755 795 2836 imperiumleoore,
819 2772 907 2831 quam
921 2755 951 2814 in
966 2754 1066 2824 nobis,
1084 2763 1164 2838 quio

154 2858 188 2901 ea
212 2838 289 2900 bene
308 2849 392 2918 parta
411 2844 458 2901 vix
476 2841 645 2902 retinemus.

110 2927 144 2978 43
238 2921 337 2984 Placet
351 2926 439 3000 igitur
455 2941 506 2985 eos
520 2923 624 2984 dimitti
639 2928 669 2982 et
684 2935 788 2997 augeri
802 2921 963 2982 exercitum
977 2921 1135 2988 Catilinae?

153 3008 291 3069 llinume.
315 3006 366 3067 Set
376 3008 415 3068 ita
427 3025 550 3069 censeo:
565 3004 756 3085 publicandas
775 3022 879 3065 eorum
892 3008 1134 3088 pecunias,·ipsos

153 3095 184 3153 in
203 3088 327 3151 vinculis
349 3090 502 3152 habendos
519 3109 574 3170 per
592 3090 765 3168 municipia,
788 3106 863 3168 qnae
877 3106 1013 3152 maxume
1028 3093 1134 3171 opibus

153 3175 331 3238 valentzneu
344 3176 455 3254 qnisde
471 3177 513 3237 eis
526 3183 626 3254 postea
644 3175 680 3235 ad
695 3179 829 3234 senatum
839 3171 963 3243 relerat,
981 3193 1055 3238 nere
1066 3196 1133 3238 cerm
1143 3197 1164 3237 n

154 3258 264 3339 populo
283 3266 365 3335 agat:
394 3260 445 3338 qui
466 3259 550 3320 aliter
572 3260 690 3326 lecerit,
713 3264 848 3318 senatum
869 3259 1045 3321 existumare
1065 3279 1133 3322 curn

155 3352 257 3404 contra
279 3361 343 3404 rem
364 3342 512 3422 publicam
531 3350 561 3404 et
580 3343 703 3404 salutem
725 3342 856 3402 omnium
877 3342 1043 3404 iacturum'

106 3428 145 3488 52
239 3427 399 3508 Postquam
415 3426 521 3489 Caesar
533 3427 648 3490 dicundi
660 3427 748 3486 linem
762 3425 839 3494 iecit,
852 3427 943 3488 ceteri
955 3427 1046 3489 verbo
1062 3427 1134 3489 alins
