2378 3864
179 185 223 226 on
246 184 420 230 cammnas
441 186 682 231 conannamonn
704 187 731 230 c.
753 179 794 232 tl.
814 180 856 234 m.
878 181 920 236 4³.
942 181 985 235 ts.
1031 170 1066 231 2⁸1

92 335 194 395 civitas
215 333 385 411 plurumum
404 335 553 406 utebatur,
576 354 640 397 rem
660 353 786 406 omnem,
802 337 847 397 uti
865 346 1069 415 cognoverant,

92 418 239 495 aperiunt.
275 417 376 479 Cicero
391 434 446 498 per
462 419 587 496 Sangam
602 419 722 480 consilio
738 422 854 497 cognito
870 419 972 498 legatis
986 436 1097 498 prae-o

92 503 177 580 cipit,
193 508 227 562 ut
240 501 369 562 studium
383 503 588 564 coniurationis
602 502 791 564 vehementer
800 503 946 574 simulent,
958 511 1071 565 ceteros

93 585 209 654 adeant,
228 583 304 646 hene
320 583 527 663 polliceantur,
550 586 679 666 dentque
698 604 818 665 operam
852 588 896 649 uti
917 605 968 649 eos
983 605 1071 667 quam

69 684 230 732 smaxume
251 668 433 730 manufestos
448 667 584 730 habeant.

178 751 295 813 Eisdem
310 752 372 814 lere
389 752 570 830 temporibus
584 754 614 813 in
629 751 721 815 Gallia
739 754 874 814 citeriore
889 760 975 833 atque
996 754 1070 816 ulte·
1081 761 1122 824 42

91 839 182 906 riore,
198 837 268 897 item
282 838 311 896 in
325 853 397 913 agro
411 837 517 897 Piceno
533 837 646 898 Bruttio
660 835 763 914 Apulia
778 843 876 897 motus
891 844 962 898 erat.
984 837 1099 910 Nam-2

92 939 152 1000 que
171 919 226 989 illi,
250 937 324 1000 quos
342 927 408 981 ante
424 919 543 981 Catilina
562 921 724 989 dimiserat,
746 919 909 982 inconsulte
930 939 965 982 ac
983 920 1072 983 veluti

92 1022 150 1082 per
171 1004 346 1065 dementiam
368 1011 473 1064 canneta
493 1005 579 1065 simul
600 1003 740 1081 agebant:
763 1005 914 1065 nocturnis
935 1005 1070 1075 consiliis,

57 1104 246 1151 marmorum
260 1094 348 1166 atque
361 1088 487 1149 telorum
501 1086 727 1166 portationibus,
744 1087 919 1158 festinando,
935 1089 1070 1166 agitando

92 1173 191 1232 omnia
204 1170 270 1250 plus
285 1173 397 1232 timoris
412 1189 500 1250 quam
513 1171 636 1248 periculi
651 1171 816 1233 elicuerant
843 1170 890 1233 Ex>
901 1190 936 1234 eo
948 1187 1099 1241 numeros

93 1253 244 1334 conpluris
265 1255 299 1327 Q.
322 1255 453 1317 Metellus
476 1255 559 1317 Celer
585 1262 704 1332 praetor
731 1274 767 1316 ox
795 1262 913 1317 senatus
939 1257 1071 1317 consulto

93 1355 197 1400 caussa
213 1341 326 1417 cognita
342 1341 372 1399 in
387 1338 500 1400 vincula
516 1340 688 1407 coniecerat,
704 1339 773 1400 item
786 1341 816 1400 in
830 1337 970 1400 ulteriore
980 1338 1072 1400 Gallia

93 1423 129 1485 C.
146 1422 276 1492 lberam,
297 1425 347 1502 qui
363 1424 389 1483 ei
408 1424 573 1500 provinciae
593 1422 705 1499 legatus
725 1428 869 1500 praeerat.

57 1529 83 1569 aa
179 1507 216 1567 nt
237 1506 348 1567 Romae
366 1505 506 1568 Lentulus
523 1523 590 1567 cum
608 1506 726 1575 ceteris,
747 1507 957 1585 quiprincipes
973 1508 1072 1567 coniu·
1082 1511 1121 1573 43

93 1592 215 1653 rationis
229 1597 321 1659 erant,
343 1592 451 1668 paratis
470 1597 504 1652 ut
523 1588 695 1651 videbantur
709 1591 822 1666 magnis
844 1591 943 1667 copiis,
967 1591 1072 1650 consti·

94 1681 221 1743 tuerent,
243 1676 293 1743 uti,
318 1692 383 1735 cum
399 1672 662 1752 Catilinainagrum
673 1672 972 1754 †-l'aesulanumcum
989 1690 1072 1734 exer-

96 1761 156 1820 citu
170 1759 304 1827 venisset,
320 1759 352 1819 h.
366 1758 466 1819 Bestia·
477 1757 612 1819 tribunus
625 1757 720 1836 plebei
738 1759 873 1818 contione
888 1756 986 1818 habita
1001 1775 1072 1837 que-

95 1848 214 1905 reretur
228 1841 265 1902 de
275 1841 438 1903 actionibus
452 1840 600 1903 Ciceronis
613 1839 740 1919 bellique
754 1843 925 1918 gravissumi
938 1841 1073 1901 invidiam

61 1947 86 1989 so
96 1933 218 2004 optumo
235 1924 347 1988 consuli
360 1927 528 2003 inponeret:
551 1942 586 1985 eo
608 1926 692 2002 signo
706 1940 849 2003 proxuma
870 1932 957 1986 nocte
974 1930 1072 1986 cetera

95 2009 251 2072 multitudo
268 2010 474 2070 coniurationis
495 2026 581 2070 suum
602 2010 724 2087 quisque
745 2009 895 2085 negotium
913 2025 1072 2086 exequere-

95 2101 155 2154 tur.
180 2092 231 2154 Set
242 2110 275 2153 ea
285 2093 374 2154 divisa
384 2093 441 2153 hoc
451 2093 538 2153 modo
553 2091 739 2153 dicebantur:
755 2091 883 2152 Statilius
894 2098 922 2153 et
933 2090 1098 2152 Gabiniusn

95 2178 140 2239 uti
160 2194 229 2238 cum
248 2193 352 2253 magna
373 2194 463 2238 manu
485 2172 1074 2254 duodecimsimrdopportunalocaurbis

96 2260 302 2330 incenderent,
323 2277 381 2339 quo
401 2248 529 2321 tumultu
550 2257 662 2320 facilior
682 2258 776 2321 aditus
797 2258 834 2320 ad
856 2257 1006 2319 consulem
1026 2276 1073 2319 ce·

60 2352 236 2423 ceterosque
258 2343 364 2422 quibus
378 2343 499 2404 insidlae
513 2341 694 2420 parabantur
708 2343 808 2404 fleret:
832 2341 976 2420 Cethegus
993 2340 1073 2403 Cice·

96 2429 180 2488 ronis
190 2429 307 2488 ianuam
321 2427 607 2506 obsideret-eumque
620 2426 648 2485 oi
658 2426 878 2502 adgrederetur,
894 2425 967 2486 dius
977 2432 1074 2486 autem

97 2511 199 2589 alium,
222 2516 267 2571 set
280 2511 331 2571 tilii
350 2509 538 2576 familiarum,
560 2526 684 2587 quorum
708 2527 744 2569 ex
767 2508 917 2569 nobilitate
938 2520 1073 2568 maxuma

97 2601 265 2672 parserat,
287 2594 417 2672 parentis
436 2595 649 2655 interficerent:
671 2590 756 2652 simut
779 2592 867 2653 caede
890 2597 918 2651 et
938 2591 1072 2652 incendio

97 2676 240 2755 perculsis
253 2677 389 2738 omnibus
404 2677 441 2738 ad
455 2677 604 2738 Catilinam
618 2683 815 2754 erumperent.
841 2675 923 2736 lnter
934 2674 1007 2735 haec
1022 2684 1099 2751 pat

60 2767 161 2828 sonata
182 2767 268 2840 atque
289 2762 407 2822 decreta
424 2761 568 2838 Cethegus
583 2776 700 2837 semper
714 2758 892 2838 querebatur
909 2757 946 2820 de
962 2758 1074 2834 ignavia

97 2845 263 2905 sociorum:
284 2843 349 2903 illos
369 2844 528 2906 dubitando
535 2853 565 2906 et
576 2845 638 2906 dies
649 2843 824 2923 prolatando
833 2859 956 2921 magnas
968 2858 1075 2922 oppor-

97 2929 236 2989 tunitates
254 2944 464 3005 conrumpere:
486 2927 578 2996 lacto,
601 2944 660 2986 non
680 2925 855 2987 consultoin
875 2925 925 2985 tali
944 2922 1074 3003 periculo

98 3028 174 3088 opus
189 3027 263 3080 esse,
279 3028 377 3090 seque,
396 3014 421 3072 si
433 3013 519 3089 pauci
533 3005 710 3079 adiuvarent,
726 3007 931 3086 languentibus
945 3007 1015 3077 aliis,
1031 3009 1074 3066 in·

97 3100 200 3172 petum
214 3096 244 3154 iu
260 3094 372 3155 curiam
386 3094 542 3156 facturum.
569 3093 678 3153 Natura
694 3092 777 3153 ferox
804 3093 962 3154 vehemens
987 3106 1102 3156 manua

60 3185 252 3256 „promptos
275 3185 353 3259 erat,
374 3195 544 3238 maxumum
561 3176 673 3237 bonum
692 3177 723 3236 in
743 3176 890 3238 celeritate
911 3172 1040 3252 putabat

184 3260 236 3321 Set
255 3259 428 3338 Allobroges
449 3278 486 3322 ex
505 3265 660 3338 praecepto
683 3258 830 3321 Ciceronis
846 3276 901 3336 per
921 3257 1076 3317 Gabinium
1085 3261 1124 3321 nt

98 3351 215 3406 ceteros
229 3347 421 3406 conveniuntz
436 3344 473 3406 ab
484 3343 607 3405 Lentulo
618 3343 747 3420 Cethego
757 3342 878 3411 Statilio,
894 3342 963 3402 item
978 3338 1075 3399 Cassio

97 3426 247 3507 postulem
260 3431 304 3490 ius
321 3428 491 3496 iurandum,
515 3427 597 3506 quod·
613 3428 757 3506 signatum
773 3427 810 3487 ad
830 3425 897 3486 ciris
908 3421 1075 3502 perierant:
