2378 3864
289 154 333 194 nn
353 154 457 199 nunno
478 153 682 201 rvornrnneo
704 158 731 200 c.
750 150 793 206 79.
814 153 858 206 80.
1026 146 1066 207 85

78 318 204 363 no-mox
218 302 310 363 victos
330 303 514 382 victoresque
535 305 666 369 defessos
686 305 760 368 alius
775 307 995 384 adgrederetur,
1013 330 1067 390 per

78 386 209 448 indutias
223 387 409 464 sponsionem
429 387 555 460 faeiunt,
577 392 620 452 uti
637 398 719 452 certo
734 391 781 452 die
793 390 881 469 legati
894 393 982 461 domo
997 413 1066 474 pro·

78 471 299 535 hciseerontur:
316 487 375 551 quo
391 472 420 531 in
434 471 500 534 loco
515 475 591 535 inter
605 493 637 536 se
652 474 730 539 obvii
741 474 872 548 tusone
890 479 915 538 is
933 496 1065 548 commu·

78 557 128 616 nis
140 554 295 632 utriusque
310 555 412 633 populi
426 555 492 619 finis
510 557 680 620 haberetur.
712 559 804 637 Igitur
816 560 991 639 Carthagine
1005 561 1091 625 duco

54 639 189 703 efraim
203 638 292 709 missi,
308 637 417 716 quibus
431 657 539 707 nomen
556 641 703 703 Philaenis
719 648 791 712 erat,
805 653 990 708 maturavere
1009 647 1068 718 iter

76 739 222 802 pergere:
245 720 429 785 cunnos
449 726 563 793 tardius
583 727 655 787 iere.
699 725 733 789 ld
748 728 922 790 socordiane
941 747 979 790 an
994 748 1065 800 casn

76 807 229 877 acciderit,
249 823 357 885 perum
377 811 509 886 cognovi
543 808 681 875 Ceterum
698 808 773 871 solet
787 812 819 872 in
832 812 888 874 illis
902 810 975 881 locis
993 820 1091 882 tem-o

76 897 179 970 postas
198 890 270 955 haut
288 907 375 955 secus
395 899 483 971 atque
508 895 538 954 in
559 896 635 957 mari
657 896 795 956 retinere.
845 895 919 957 Nam
940 897 991 959 uhi
1011 916 1066 977 per

75 977 146 1038 loca
167 973 299 1055 aequalia
320 982 350 1037 et
369 976 448 1041 nude
464 979 645 1055 gignentium
665 984 770 1059 vannus
791 987 910 1047 coortus
923 981 1065 1053 harenam

45 1080 68 1122 ro
76 1060 172 1123 humo
190 1060 333 1130 excitauit,
356 1079 392 1122 ea
409 1076 518 1138 magna
530 1063 560 1122 ri
573 1064 679 1140 agitata
694 1081 747 1125 ora
769 1062 929 1144 oculosque
951 1065 1065 1146 inplere

76 1144 164 1214 solet,
186 1145 226 1205 ita
245 1151 404 1223 prospectu
421 1145 550 1224 inpedito
566 1148 677 1215 morari
696 1148 763 1208 iter.
797 1147 957 1227 Postquam
974 1150 1090 1219 Cure-⁷

76 1245 188 1291 nenses
202 1226 350 1307 aliquanto
368 1231 547 1308 posteriores
565 1249 598 1297 se
617 1248 682 1292 esse
700 1231 799 1293 vident
819 1237 850 1293 et
862 1231 901 1292 oh
914 1251 979 1299 rena
995 1251 1065 1302 con·

77 1319 199 1392 ruptam
210 1312 289 1375 domi
298 1331 410 1392 poenas
422 1320 566 1386 metuunt,
581 1315 731 1378 criminari
741 1313 987 1394 Carthaginiensis
997 1325 1066 1387 ante

76 1407 197 1478 tompus
208 1397 295 1459 domo
306 1398 462 1477 digressos,
470 1399 728 1468 conturbarerem,
735 1397 862 1479 denique
872 1401 968 1462 omnia
979 1399 1066 1467 malle

45 1500 170 1564 requam
186 1482 253 1544 victi
267 1480 358 1546 ahire.
382 1482 433 1545 Set
448 1502 516 1547 cuna
526 1485 617 1549 Poeni
631 1483 717 1547 oham
733 1483 938 1554 conditionem,
952 1491 1091 1548 tantumn

78 1567 171 1630 modo
185 1584 323 1646 aequam,
338 1574 490 1646 peterent,
505 1568 611 1631 Graeci
621 1569 771 1647 optionem
785 1565 1066 1646 Carthaginensium

80 1652 206 1720 faciunt,
229 1657 263 1713 ut
275 1651 321 1714 vel
337 1651 393 1722 illi,
416 1671 490 1734 quos
505 1653 570 1715 duis
589 1651 700 1731 populo
721 1669 776 1714 suo
790 1657 934 1732 peterent,
957 1651 999 1715 ibi
1012 1655 1067 1716 viri

80 1736 299 1806 obruerentur,
320 1736 367 1798 vel
393 1735 497 1798 eadem
524 1737 690 1801 conditione
716 1753 782 1799 sese
804 1754 892 1815 quern
914 1737 943 1797 in
967 1734 1067 1799 locum

81 1819 192 1883 vellent
206 1835 409 1898 processuros.
448 1820 580 1889 Philaeni
599 1821 765 1885 conditione
778 1820 903 1901 probata
916 1838 1008 1900 seqare
1027 1823 1094 1883 vio

46 1913 203 1983 „tamque
230 1920 314 1966 suam
339 1907 385 1968 rei
412 1905 549 1984 publicae
574 1905 791 1974 condonavere:
813 1906 854 1965 ita
875 1906 930 1966 rivi
957 1904 1065 1968 ohmd.

79 1988 335 2066 Carthaginienses
359 1990 390 2051 in
417 2008 452 2052 eo
478 1989 544 2052 loco
565 1988 712 2051 Philaenis
735 1988 876 2050 iratribus
906 2006 974 2050 aras
994 1998 1109 2052 con-10

78 2089 250 2141 sacravere,
267 2073 373 2154 aliique
385 2073 441 2137 illis
455 2074 533 2136 domi
548 2074 677 2141 honores
691 2074 821 2141 instituti.
847 2072 933 2134 Nunc
948 2072 984 2133 ad
1000 2091 1066 2134 rem

78 2157 182 2219 redeo.

167 2240 308 2319 lugurtha
321 2248 476 2320 postquam
487 2243 592 2304 amissa
602 2239 694 2308 Thala
704 2239 777 2301 nihil
789 2241 857 2303 satis
868 2239 986 2309 drumm
998 2257 1067 2301 con·
1077 2239 1118 2305 80

45 2351 71 2392 aa
80 2334 129 2386 tra
142 2324 292 2387 hletellum
305 2331 396 2403 putat,
414 2341 601 2404 permagnos
615 2323 785 2390 solitudines
800 2342 868 2389 cnm
882 2324 984 2402 paucis
998 2340 1067 2405 pro·

81 2411 180 2472 lectus
192 2410 325 2488 pervenit
344 2410 382 2469 ad
404 2408 551 2478 Gaetulos,
574 2423 668 2485 genua
682 2407 836 2473 hominum
857 2407 953 2477 lerum
974 2407 1068 2477 monl-

80 2501 206 2572 tumque
227 2500 258 2555 et
280 2511 315 2554 eo
335 2502 469 2571 ternpore
490 2493 626 2570 ignarum
646 2492 772 2552 nominis
787 2489 920 2556 Romani.
956 2489 1093 2559 liorumo

80 2577 299 2640 multitudinem
313 2578 344 2639 in
360 2594 454 2642 unum
467 2579 546 2654 cogit
558 2594 593 2637 ac
602 2575 742 2655 pandatim
756 2575 935 2640 consuefacit
950 2573 1068 2635 ordines

82 2661 205 2731 hahere,
226 2663 308 2739 signa
323 2662 416 2740 sequi,
423 2662 581 2739 imperium
597 2660 764 2729 ohservare,
778 2660 848 2720 item
862 2657 917 2724 alia
932 2657 1068 2728 mihtaria

45 2746 193 2812 mlacere.
233 2744 391 2808 Praeterea
410 2747 490 2824 regis
505 2744 616 2807 Bocchi
642 2761 804 2824 proxumos
829 2743 943 2820 magnis
963 2753 1093 2813 urnae-3

82 2830 168 2892 rihus
190 2835 220 2892 et
232 2829 393 2892 maioribus
412 2830 564 2910 promissis
578 2829 615 2891 ad
629 2828 758 2890 studium
768 2828 814 2888 sui
828 2826 979 2906 perducit,
1005 2827 1070 2904 quis

81 2913 268 2976 adiutoribus
287 2930 389 2990 regem
410 2913 568 2991 adgressus
587 2911 715 2992 inpellit,
743 2912 787 2973 uti
802 2910 943 2981 advorsus
958 2909 1068 2981 Itoma-

82 3015 140 3059 nos
160 2997 273 3060 hellum
287 2999 414 3076 incipiat.
458 2997 491 3058 ld
508 3016 542 3058 ea
564 2999 656 3074 gratia
676 2993 789 3060 leoffius
809 2995 991 3077 proniusque
1005 2993 1097 3063 luite

83 3082 165 3162 quod
187 3081 323 3143 Bocchus
341 3082 422 3141 initio
443 3080 566 3142 huiusce
587 3080 656 3141 belli
677 3079 788 3156 legatos
804 3078 929 3141 Romam
950 3078 1070 3139 miserat

45 3165 190 3231 ssloedus
212 3173 241 3228 et
263 3165 419 3226 amicitiam
438 3167 577 3243 petitum:
599 3179 687 3243 quam
702 3180 767 3222 rem
782 3163 1095 3242 opportunissumams

81 3245 1096 3412 lntttltttttltdtthtt‘ttthl‘athttt0

83 3419 245 3498 Iugurthae
255 3417 314 3481 ntia
328 3417 447 3484 Boccho
457 3422 608 3496 nupserat
631 3414 742 3485 Verum
752 3432 787 3484 ea
797 3410 982 3476 necessitudo
992 3410 1071 3490 apud

52 3514 56 3519 ’
81 3502 227 3565 Numidas
243 3501 422 3582 Maurosque
441 3500 512 3564 levis
528 3500 654 3570 duntur,
673 3500 740 3579 quia
755 3496 871 3575 singidi,
893 3513 949 3574 pro
967 3493 1072 3574 opihus
