2378 3864
117 139 157 198 72
293 158 335 199 nu
357 157 460 201 annno
485 157 685 200 rvcvnrruno
710 156 736 198 c.
753 150 797 203 54.
819 153 862 203 55.
881 153 923 206 56.

91 305 189 373 odere
210 308 389 385 nequiverat,
406 307 435 367 in
451 305 551 367 alienis
565 304 675 368 bellum
690 322 805 384 gerere.
840 306 952 376 Tamen
968 328 1005 370 ex
1023 314 1103 390 copia

120 390 197 468 quod
219 397 372 469 optumum
393 390 546 452 videbatur
569 389 722 451 consilium
744 393 834 470 capit:
859 393 1021 454 exercitum
1045 395 1103 473 ple·

119 492 245 553 rumque
266 477 295 537 in
319 475 428 537 eisdem
449 472 521 535 locis
544 475 652 552 operiri
682 475 777 542 iubet,
806 476 870 553 ipse
894 495 961 538 cum
986 477 1104 540 delectis

119 558 265 638 equitibus
285 558 432 621 Metellum
452 558 600 636 sequitur,
626 559 778 620 nocturnis
807 567 835 620 et
859 562 928 620 aviis
951 562 1104 624 itineribus

77 655 110 708 ιο
120 644 272 720 ignoratus
292 642 441 704 Romanos
468 640 592 719 palantis
618 648 740 720 repente
769 643 949 721 adgreditur.
993 645 1121 710 llorumr

118 727 253 805 plerique
269 728 397 789 inermes
421 725 543 795 eadunt,
566 726 649 787 multi
671 729 840 804 capiuntur,
863 746 951 790 nemo
973 733 1105 793 omniunt

119 815 244 872 intactus
266 811 405 890 profugit,
422 817 451 870 et
471 809 615 871 Numidae
636 811 719 888 prius
741 829 829 890 quam
851 831 887 873 ex
909 815 1015 874 castris
1038 815 1104 876 sub·

120 897 279 965 ueniretur,
302 896 386 956 sicuti
408 895 478 955 iussi
500 901 592 964 erant,
609 895 639 954 in
656 912 817 974 proxumos
838 896 919 957 collis
941 898 1103 960 discedunt

69 985 108 1044 55
205 979 324 1040 Interim
338 979 450 1040 Rornae
466 977 606 1055 gaudium
620 979 724 1056 ingens
744 986 841 1040 ortum
858 982 983 1057 cognitis
998 983 1104 1044 Metelli

120 1064 225 1132 rebus,
246 1070 280 1124 ut
293 1077 384 1139 seque
399 1068 429 1121 et
444 1062 607 1121 exercitum
621 1077 706 1120 more
721 1061 867 1122 maiorum
881 1074 1010 1140 gereret,
1032 1074 1066 1126 ut
1077 1069 1128 1127 inc

125 1146 1103 1227 advorsolocovietortamenrirtuteluisset,hostiumagropotire·

121 1243 183 1301 tur,
204 1231 377 1310 Iugurtham
398 1230 586 1310 magnifieum
608 1250 644 1292 ex
665 1230 730 1292 lui
749 1230 845 1292 Albini
865 1233 1002 1295 socordia
1023 1253 1103 1314 spem

95 1317 221 1381 nsalutis
235 1319 265 1377 in
279 1316 436 1378 solitudine
451 1322 501 1377 aut
517 1314 586 1392 luga
601 1317 743 1392 coegisset
757 1315 878 1377 habere.
904 1316 1008 1396 ltaque
1021 1337 1104 1380 sena·

121 1410 168 1462 tus
179 1400 216 1461 ob
230 1419 264 1462 ea
276 1400 399 1462 feliciter
410 1407 474 1462 aeta
486 1400 548 1460 deis
560 1399 764 1460 inmortalibus
775 1399 917 1479 subplicio
932 1402 1102 1472 decernere,

122 1487 222 1547 civitas
243 1486 358 1563 trepida
373 1492 458 1546 antea
475 1489 504 1544 et
520 1481 642 1546 sollicita
656 1484 693 1546 de
709 1483 778 1544 belli
796 1491 899 1546 eventu
914 1484 990 1548 laeta
1006 1503 1128 1564 agerem

122 1571 158 1632 de
177 1569 294 1632 ltletello
315 1569 392 1632 lama
413 1567 564 1647 praeclara
586 1587 658 1631 esse.

94 1668 110 1718 3
206 1655 298 1732 lgitur
315 1672 350 1716 eo
362 1654 499 1713 intentior
511 1653 548 1715 ad
562 1654 711 1714 victoriam
728 1654 788 1722 niti,
806 1653 942 1716 omnibus
953 1655 1051 1716 modis
1066 1655 1105 1716 le·

122 1740 246 1799 stinare:
266 1754 370 1798 cavere
388 1743 501 1805 tamen,
524 1737 630 1798 necubi
638 1736 716 1797 hosti
728 1738 1022 1815 opportunusfieret,
1047 1757 1105 1800 me·

94 1823 241 1882 eminisse
261 1827 327 1897 post
345 1820 469 1896 gloriam
490 1820 626 1881 invidiam
647 1824 740 1901 sequi.
771 1822 813 1883 lta
829 1840 887 1900 quo
907 1821 1015 1884 clarior
1034 1831 1103 1893 erat,

123 1924 157 1966 eo
173 1908 264 1983 magis
277 1901 404 1986 [animo]
416 1905 521 1965 anxius
533 1913 604 1973 crat,
618 1923 716 1984 neque
732 1914 799 1984 post
813 1907 932 1967 insidias
945 1907 1128 1985 Iugurthaea

123 1989 214 2049 elluso
237 1989 369 2050 exercitu
391 1987 544 2066 praedari:
572 1987 623 2048 ubi
652 1989 799 2051 frumento
827 1997 877 2051 aut
897 1990 1007 2069 pabulo
1034 2009 1105 2069 opus

124 2079 201 2143 orat,
231 2072 368 2134 cohortes
394 2089 461 2133 cum
487 2073 568 2133 omni
590 2075 718 2150 equitatu
745 2075 922 2150 praesidium
943 2075 1105 2154 agitabant:

89 2171 111 2239 *a
124 2158 270 2218 exereitus
290 2164 405 2235 partem
427 2158 504 2234 ipse,
526 2155 653 2218 relicuos
673 2156 782 2218 Marius
803 2158 937 2220 ducebat.
974 2160 1026 2221 Set
1049 2162 1106 2239 igni

96 2243 214 2318 omagis
237 2258 325 2318 quam
347 2241 456 2318 praeda
479 2257 550 2318 ager
573 2242 750 2304 vastabatur.
800 2241 922 2303 Duobus
942 2242 1016 2304 locis
1037 2244 1108 2307 lraut

96 2325 209 2400 llonge
230 2324 306 2384 inter
328 2341 360 2385 se
383 2333 477 2385 castra
500 2323 658 2386 iaciebant:
689 2326 740 2387 ubi
764 2328 792 2387 vi
822 2345 896 2405 opus
923 2335 987 2388 erat
1010 2332 1128 2390 cunctia

122 2409 253 2478 aderant,
271 2414 402 2469 ceterum
425 2425 484 2487 quo
507 2409 575 2487 luga
597 2417 685 2490 atque
706 2411 831 2472 formido
851 2411 937 2471 latius
958 2420 1109 2475 cresceret

96 2494 230 2554 ediversi
246 2491 382 2572 agebant.
403 2492 446 2554 Eo
462 2500 596 2573 tempore
609 2494 749 2574 Iugurtha
760 2513 815 2574 per
831 2494 912 2555 collis
923 2499 1017 2575 sequi,
1034 2491 1108 2560 tem·

122 2594 177 2656 pus
192 2583 243 2639 aut
256 2576 355 2639 locum
369 2594 485 2656 pugnae
502 2596 660 2657 quaerere,
683 2595 740 2657 qua
754 2586 910 2640 venturum
925 2579 1042 2642 hostem
1059 2601 1108 2643 au·

122 2663 216 2723 dierat
236 2661 377 2741 pabulum
395 2668 425 2722 et
446 2679 589 2739 aquarum
605 2661 704 2730 tontis,
728 2679 853 2739 qtrorum
872 2665 1015 2740 paenuria
1035 2674 1108 2736 erat,

122 2763 328 2825 conrumpere,
349 2744 436 2806 modo
457 2761 490 2807 se
507 2743 633 2813 lletello,
653 2745 801 2804 interdum
822 2745 913 2804 llario
938 2749 1128 2821 ostenderes

122 2835 288 2907 postremos
307 2832 336 2890 in
351 2830 467 2908 agmine
487 2835 631 2907 temptare
651 2844 686 2888 ac
707 2829 803 2888 statim
825 2830 854 2889 in
873 2826 954 2889 collis
975 2837 1108 2910 regredi,

68 2959 73 2967 .
122 2929 226 2974 rursus
239 2913 301 2973 aliis
325 2920 391 2991 post
405 2913 466 2975 aliis
481 2913 616 2981 minitari,
632 2929 729 2991 neque
739 2912 884 2990 proelium
899 2912 1110 2998 laceransque

123 2999 214 3056 otium
235 2997 309 3072 pati,
331 3003 445 3058 tantum
466 2997 554 3059 modo
575 2996 689 3058 hostem
713 2996 750 3057 ab
771 2998 887 3076 incepto
908 2999 1047 3062 retinere.

71 3082 111 3142 56
207 3079 357 3141 Romanus
371 3083 531 3161 imperator
544 3079 595 3143 ubi
617 3099 649 3142 se
675 3080 749 3143 dolis
778 3082 892 3162 fatigari
912 3082 990 3144 videt
1010 3103 1108 3166 neque

122 3164 159 3226 ab
182 3165 266 3226 hoste
289 3164 403 3241 copiam
423 3166 573 3244 pugnandi
592 3167 673 3237 fieri,
692 3165 799 3228 urbem
820 3184 955 3246 magnam
971 3175 1000 3228 et
1021 3170 1052 3229 in
1074 3189 1126 3233 aaa

122 3257 220 3329 parte,
237 3267 294 3330 qua
311 3249 363 3308 sita
380 3256 456 3319 erat,
480 3268 579 3313 arcem
595 3252 699 3328 regni,
721 3253 839 3313 nomine
853 3251 985 3322 Zamam,
1008 3259 1108 3317 statuit

122 3334 311 3413 obpugnare,
333 3338 428 3402 ratus,
450 3333 479 3394 id
495 3336 572 3413 quod
596 3336 744 3414 negotium
766 3335 914 3413 poscebat,
934 3335 1107 3414 iugurtham

56 3443 66 3460 ο
122 3417 322 3480 laborantibus
342 3417 401 3478 suis
420 3416 527 3479 auxilio
551 3426 719 3492 venturum,
740 3419 839 3502 ibique
860 3418 1005 3498 proelium
1032 3422 1105 3485 lore.
