2378 3864
311 192 354 233 nn
376 192 478 235 nanno
500 192 701 237 mararnmo
724 193 750 236 o.
773 186 815 240 85.
1019 178 1061 241 89

75 356 130 418 ogo
154 337 305 401 militando
328 338 423 400 didici.
448 339 549 407 ,Nunc
562 358 614 401 vos
632 341 815 411 existumate,
836 342 911 404 facta
929 361 966 406 an
982 345 1059 408 dicta
1070 356 1101 406 lt

73 422 169 502 pluris
180 424 246 484 sint.
273 422 469 484 Contemnunt
483 425 639 486 novimum
653 441 758 495 meam,
774 443 828 504 ego
843 424 961 489 illorum
977 429 1058 508 iqua·

72 508 167 568 viam:
182 506 254 567 milri
270 506 396 575 fortuna,
414 505 469 567 illis
483 506 798 588 probraobiectautur.
810 507 992 590 Quamquam
1003 529 1058 589 ego
1070 526 1103 578 ln

72 597 212 652 naturam
225 607 315 652 unam
335 595 364 651 et
380 607 567 653 communem
588 592 718 653 omnium
731 594 887 663 existumo,
903 590 1060 658 aetionis

50 690 192 736 asomum
212 691 359 754 quemque
382 675 661 750 generosissumum.
699 676 742 737 Ac
760 677 786 737 si
805 677 862 738 iam
878 696 914 739 ex
927 678 1060 756 patribus
1070 696 1102 749 aa

72 757 170 820 Albini
186 764 236 818 aut
251 757 366 818 Bestiae
381 760 483 836 quaeri
497 760 603 838 possit,
626 776 713 820 mene
728 778 765 820 an
780 758 845 822 illos
868 779 903 822 ox
925 779 957 824 so
980 763 1060 841 gigni

71 841 239 911 maluerint,
255 840 324 921 quid
340 858 537 918 responsuros
551 843 676 913 creditis,
692 844 747 904 nisi
766 861 831 906 sese
846 843 956 906 liberos
973 863 1059 925 quam

72 931 211 1004 optumos
226 924 369 986 voluisset
397 925 518 997 Quodsi
532 927 598 987 inre
611 944 659 987 me
674 925 845 1005 despiciunt,
860 929 967 991 iaciant
980 930 1058 991 idem
1067 939 1102 994 17

73 1008 237 1070 maioribus
252 1010 322 1078 suis,
340 1007 455 1087 quihus,
471 1010 605 1079 utimini,
627 1028 663 1071 ex
680 1011 786 1072 virtuto
800 1010 937 1073 nobilitas
952 1014 1057 1092 coepit.

45 1091 208 1154 elucident
223 1092 329 1153 honori
343 1109 424 1154 meo:
440 1109 512 1170 ergo
524 1094 673 1154 invideant
687 1093 782 1156 labori
797 1095 990 1167 innocentiae,
1006 1115 1058 1176 pe·
1069 1114 1102 1165 la

71 1176 176 1238 nacula
203 1176 289 1238 etiam
311 1177 399 1244 meis,
423 1178 560 1256 quoniam
575 1193 629 1255 por
643 1176 718 1238 haec
739 1177 821 1239 illum
837 1181 910 1257 copi.
946 1179 1104 1252 Veronam

69 1261 206 1322 hommes
228 1261 363 1338 conrupti
383 1259 521 1338 superbia
535 1262 574 1320 ita
592 1266 716 1322 aetatem
733 1267 824 1338 agunt
845 1264 927 1342 quasi
942 1270 1057 1325 vostros

70 1345 202 1407 honores
222 1349 420 1412 contemnant,
439 1345 478 1404 ita
498 1343 552 1404 hos
568 1351 671 1422 petunt
688 1345 770 1423 quasi
783 1343 907 1406 honeste
923 1346 1057 1408 vixerint.

70 1427 178 1508 Neqilli
195 1427 260 1490 falsi
280 1434 363 1497 sunt,
387 1429 437 1506 qui
456 1427 678 1488 divorsissumas
696 1444 745 1488 res
767 1429 877 1505 pariter
891 1437 1054 1507 expectant,
1067 1439 1105 1490 20

45 1513 204 1591 aignaviae
221 1511 402 1592 voluptatem
424 1518 453 1573 et
467 1513 598 1590 praemia
612 1512 733 1572 driutis.
767 1512 862 1590 Atque
876 1512 972 1583 otiam,
990 1531 1057 1576 cum
1068 1519 1100 1572 21

72 1597 152 1676 apud
174 1613 226 1657 vos
247 1602 299 1658 aut
320 1597 351 1656 in
370 1601 474 1657 senatu
497 1593 587 1656 rerba
608 1595 732 1664 faciunt,
759 1593 900 1674 pleraque
927 1597 1059 1658 oratione

69 1682 198 1742 maiores
215 1696 285 1740 snos
299 1678 457 1741 extollunt:
481 1696 583 1741 eorum
596 1680 681 1740 lortia
695 1678 770 1740 lacta
785 1679 977 1741 memorando
999 1679 1058 1742 cla·

69 1766 166 1825 riores
186 1781 252 1826 sese
272 1769 386 1841 putant.
428 1761 513 1833 Quod
540 1769 642 1825 contra
671 1770 723 1825 est.
768 1762 842 1823 Nam
865 1769 974 1843 quanto
1000 1765 1104 1826 vitata

71 1847 191 1908 illorum
212 1847 401 1926 praeclarior,
418 1854 499 1908 tanto
520 1846 629 1909 horum
650 1846 785 1908 socordia
805 1846 984 1924 flagitiosior.
1020 1848 1058 1910 Et
1066 1854 1101 1908 23

45 1930 205 2010 oprolecto
227 1933 266 1992 lta
286 1948 319 1992 se
340 1949 389 1992 res
409 1930 515 1992 habet:
553 1933 699 1993 malorum
714 1929 806 2010 gloria
827 1932 954 2007 posteris
975 1933 1059 2011 quasi

69 2016 171 2077 lumen
191 2023 243 2084 est
266 2032 363 2093 neque
383 2014 461 2076 bona
482 2033 579 2095 neque
593 2014 669 2077 mala
684 2031 788 2076 corum
801 2013 964 2076 inocculto
984 2017 1057 2092 pati·

69 2107 129 2160 tur.
140 2099 272 2160 Huiusce
284 2100 329 2158 rei
339 2115 395 2176 ego
405 2100 536 2177 inopiam
547 2099 917 2169 lauorduiriteszverum,
932 2098 962 2159 id
978 2097 1057 2178 quod
1067 2104 1102 2153 24

69 2182 164 2244 multo
178 2180 357 2261 praeclarius
370 2188 429 2251 est,
443 2189 570 2243 meamet
584 2181 660 2242 lacta
670 2181 743 2242 milri
757 2179 856 2242 dicore
869 2179 946 2242 licet.
972 2180 1058 2242 Nunc

69 2266 166 2327 ridete
189 2284 277 2344 quam
297 2265 390 2343 iniqui
404 2265 470 2326 siut.
512 2264 597 2337 Quod
612 2282 648 2326 ex
665 2263 758 2325 aliena
775 2264 883 2326 virtue
900 2262 955 2326 sibi
970 2264 1101 2327 adro-ea

45 2355 156 2429 tegant,
173 2348 204 2409 id
214 2349 286 2410 mihi
301 2358 337 2411 ex·
352 2366 418 2410 mea
432 2365 492 2409 non
510 2348 688 2416 concedunt,
705 2347 817 2410 seilicet
831 2349 897 2426 quia
916 2349 1058 2425 imagines

69 2451 131 2495 non
149 2431 255 2502 haheo
279 2439 309 2494 et
322 2433 390 2512 quia
404 2432 475 2494 milri
488 2449 563 2493 nora
577 2431 713 2493 nobilitas
729 2440 786 2500 est,
804 2449 892 2509 quam
908 2438 988 2493 certe
1005 2447 1057 2509 pe·

68 2518 184 2598 perisse
200 2516 306 2578 melias
327 2524 373 2577 est
392 2534 480 2596 quam
497 2522 646 2595 acceptam
669 2515 848 2592 conrupisse.

155 2600 299 2680 Equidem
310 2616 366 2678 ego
376 2617 438 2660 non
448 2602 563 2677 ignoro,
575 2601 600 2659 si
610 2600 668 2660 iam
679 2597 751 2660 mihi
762 2597 944 2675 respondere
958 2596 1055 2668 velint,
1067 2603 1102 2654 26

70 2685 190 2748 abunde
210 2683 265 2745 illis
283 2684 449 2746 facundiam
472 2690 502 2747 et
516 2685 698 2762 conpositam
713 2682 874 2743 orationem
897 2680 970 2742 fore.
1007 2680 1059 2742 Set

45 2771 101 2836 oin
116 2776 215 2831 rostro
236 2785 375 2831 maxumo
391 2766 527 2830 benificio
555 2786 623 2830 oum
651 2766 790 2829 omnibus
815 2764 890 2827 locis
912 2782 960 2826 mo
990 2782 1057 2826 ros·

71 2873 129 2934 que
145 2851 223 2914 male
242 2851 326 2913 dictis
339 2851 478 2923 lacerent,
494 2870 553 2913 non
571 2852 679 2930 placuit
696 2850 831 2917 reticere,
853 2866 892 2909 ne
913 2849 977 2927 quis
993 2867 1056 2910 mo·

54 2939 194 2999 ‘dentiam
209 2936 240 2996 in
254 2937 460 2998 conscientiam
476 2936 606 2997 duceret.
634 2934 710 2996 Nam
723 2951 771 2994 me
787 2932 905 3012 quidem
921 2951 957 2994 ex
967 2933 1056 2995 animi
1066 2944 1099 2994 27

69 3021 130 3080 mei
142 3018 290 3080 sententia
298 3014 378 3078 nulla
389 3019 484 3078 oratio
494 3015 615 3078 laedere
620 3021 733 3095 potest:
746 3018 1058 3097 quippoveranecesse

71 3111 117 3166 est
130 3102 208 3165 bene
226 3101 405 3181 praedicent,
427 3101 499 3162 falsa
514 3103 572 3163 vita
586 3119 744 3180 moresque
758 3101 816 3161 mei
831 3104 980 3178 superant.
1005 3098 1056 3160 Set
1066 3113 1102 3165 28

45 3188 211 3269 uquoniam
238 3191 337 3246 vostra
364 3185 483 3247 consilia
512 3191 704 3255 accusantur,
731 3186 781 3263 qui
810 3184 882 3245 mihi
908 3199 1055 3244 summum

71 3271 217 3333 honorem
243 3277 272 3332 et
290 3287 461 3331 maxumum
481 3269 631 3346 negotium
652 3269 835 3346 inposuistis,
863 3266 948 3327 etiam
969 3273 1056 3343 atque

73 3357 159 3418 dmm
181 3360 326 3434 reputate,
344 3371 416 3416 num
431 3371 536 3415 eorum
549 3353 757 3430 paenitendum
771 3352 817 3412 ait.
853 3349 919 3412 Non
935 3364 1055 3427 possum
1065 3359 1100 3411 2⁹

72 3439 140 3502 idei
169 3455 256 3502 causa
285 3439 427 3515 magines
445 3454 542 3517 neque
559 3436 724 3516 triumphos
739 3441 789 3496 aut
808 3431 975 3495 consulatus
993 3449 1055 3492 ma·
