2378 3864
266 125 308 167 nn
331 98 433 169 sunno
457 125 659 171 raderamno
679 125 707 168 c.
729 119 771 176 39.
792 120 835 174 so
856 119 898 174 41.
1031 110 1072 172 63

92 274 214 420 laspliua
236 281 427 354 corruperat,
451 291 487 336 ex
511 275 593 353 eopia
613 293 714 337 rerum
731 277 830 337 statuit
850 276 905 337 sibi
921 275 994 337 nihil
1012 278 1072 354 agi·

91 365 140 421 tan
162 376 222 421 um.

178 443 300 503 Interim
314 441 425 502 Romae
440 443 474 505 G.
488 442 631 505 Mamilius
644 442 812 507 Limetanus
826 443 962 505 tribunus
976 443 1073 522 plebei
1082 449 1122 508 40
1155 450 1164 470 ’

91 528 277 605 rogationem
291 525 328 586 ad
343 525 483 605 populum
499 525 680 606 promulgat,
702 529 745 589 uti
761 537 953 606 quaereretur
967 529 996 588 in
1012 546 1071 598 eos,

66 627 221 692 equorum
233 608 357 680 ,oonsilio
371 609 511 687 Iugurtha
527 611 619 671 senati
634 610 752 672 deonna
765 611 949 689 neglegisset,
966 613 1073 692 quique

91 696 128 758 ab
151 714 187 757 eo
206 696 238 755 ia
254 691 448 771 legationibus
464 701 514 757 aut
520 692 655 773 imperiis
659 696 800 772 pecunias
816 697 1004 774 accepissent,
1023 696 1073 774 qui

92 778 388 859 elephantosquique
407 777 546 855 perfugas
567 779 765 850 tradidissent,
787 780 855 841 item
877 781 928 858 qui
942 779 980 840 de
999 796 1072 858 pace

91 871 141 926 aut
161 861 241 925 bello
258 879 329 930 ‚oum
351 861 483 923 hostibus
497 863 647 940 pactiones
664 861 808 925 fecissent
838 863 912 925 Huic
926 864 1095 940 rogationis

89 949 203 1027 partim¹
216 947 325 1009 conscii
338 945 407 1015 sibi,
424 945 471 1007 alii
486 964 522 1008 ex
538 947 664 1024 partium
674 947 779 1009 invidia
793 948 924 1025 pericula
938 955 1071 1009 metuen-

58 1039 152 1102 ntes,
168 1032 307 1111 quoniam
324 1035 425 1107 aperte
440 1031 577 1093 resistere
591 1047 652 1091 nou
669 1037 805 1109 poterant
820 1033 891 1109 quin
908 1030 957 1094 illa
973 1038 1003 1093 et
1017 1030 1072 1093 alia
1169 1057 1171 1061 ¹

91 1116 159 1178 talia
169 1114 294 1194 ,placere
306 1113 361 1175 sibi
372 1114 544 1182 faterentur,
560 1113 674 1176 occulte
689 1132 743 1192 per
758 1116 867 1176 amicos
881 1134 917 1176 ac
935 1132 1072 1177 maxuma

91 1218 145 1282 per
165 1198 300 1261 homines
320 1198 447 1261 nominis
467 1197 561 1259 Latini
580 1204 610 1257 et
631 1199 727 1260 socios
746 1197 861 1259 italicos
875 1199 1072 1278 inpedimenta

90 1283 246 1363 parabant
289 1281 341 1345 Set
359 1281 461 1361 plebes
480 1280 650 1342 incredibile
672 1288 836 1343 memoratu
859 1290 902 1342 ost
922 1299 1012 1361 quam
1028 1283 1098 1348 iar-3
1170 1307 1172 1310 ⁴

91 1374 172 1434 tenta
197 1365 286 1428 luerit
307 1371 472 1445 meumque
493 1366 521 1426 vi
541 1366 723 1442 rogationem
738 1366 872 1435 iusserit,
891 1366 984 1441 magis
1004 1365 1070 1426 odio

61 1471 82 1513 n
93 1450 253 1514 nobilitatis
274 1450 321 1512 cui
338 1448 414 1511 mala
435 1448 483 1510 illa
505 1447 698 1527 parabantur,
722 1466 808 1527 quam
827 1467 897 1511 cura
913 1451 958 1511 rei
977 1447 1072 1526 pubb-

93 1554 163 1598 cae:
189 1541 268 1596 tanta
281 1532 382 1594 lubido
396 1535 425 1594 in
441 1532 575 1611 portibus
590 1539 662 1594 erat
682 1533 774 1610 igitur
791 1534 897 1594 ceteris
910 1541 991 1594 metu
1005 1548 1098 1612 por-4

94 1619 184 1682 cuisis
199 1618 238 1681 ti.
256 1617 394 1686 Scaurus,
412 1635 500 1696 mem
519 1617 648 1694 legatum
663 1614 778 1679 Bestiae
798 1615 887 1679 luisse
907 1633 995 1695 supra
1020 1616 1072 1678 do·

94 1701 450 1772 culmusinterlastitiam
462 1700 718 1779 plebisetsuorum
729 1700 961 1779 lugamtrepida
972 1700 1073 1762 etiam·

93 1794 158 1850 tum
182 1787 311 1856 ciuitate,
343 1802 411 1846 cum
433 1803 470 1846 ex
490 1783 616 1848 llamilia
638 1786 790 1861 rogatione
808 1792 869 1847 tres
893 1785 1073 1864 quaesitores

62 1876 287 1950 erogarentur,
315 1869 466 1938 effecerat,
496 1869 540 1929 uti
558 1869 622 1946 ipse
650 1869 680 1929 iu
703 1887 738 1928 eo
766 1885 890 1930 numero
911 1876 1070 1930 crearetur.

93 1955 144 2017 Set
163 1955 295 2034 quaestio
317 1954 444 2015 exerens
463 1969 566 2030 aspere
580 1950 780 2031 violenterque
800 1970 836 2014 ex
850 1968 971 2013 rumore
982 1959 1015 2014 ct
1028 1950 1098 2018 lun

92 2038 193 2101 bidirta
215 2037 323 2115 plebis:
345 2043 378 2098 ut
398 2055 487 2115 saepe
500 2035 694 2106 nobilitatem,
717 2037 760 2097 sic
778 2054 811 2097 os
824 2041 999 2115 tempestate
1011 2033 1072 2112 ple·

93 2122 163 2185 bem
183 2139 222 2184 ex
248 2121 384 2183 secundis
401 2120 492 2182 rebus
510 2119 662 2183 insolentia
683 2128 810 2198 ceperat.

105 2206 110 2212 ’
179 2204 316 2267 Ceterum
337 2223 401 2266 mos
421 2205 548 2285 partium
569 2201 781 2284 [popularimn]
800 2210 828 2264 et
847 2201 994 2283 [sonabis]
1013 2199 1119 2263 iao-ll

63 2311 85 2352 aa
94 2293 209 2353 donum
222 2307 258 2350 ac
275 2289 381 2351 deinde
396 2288 527 2349 omnium
541 2285 683 2348 malarum
698 2288 804 2351 artium
821 2287 922 2365 paucis
939 2292 1007 2349 ante
1022 2303 1074 2347 an·

93 2377 139 2437 nis
153 2373 266 2437 Romae
287 2379 369 2436 ortus
394 2379 437 2434 est
458 2372 516 2432 ctio
537 2378 624 2449 atque
644 2369 820 2432 abundantia
841 2388 943 2432 aarum
962 2387 1073 2438 reram,

94 2477 170 2539 quae
185 2459 280 2536 prima
294 2455 432 2518 mortales
447 2456 566 2517 ducaun.
597 2453 671 2516 Nam
692 2462 758 2515 ente
771 2452 977 2530 Carthaginem
996 2451 1101 2516 dale-a

94 2551 155 2605 tam
171 2541 298 2621 populus
320 2549 349 2603 et
369 2546 487 2602 senatus
501 2538 650 2600 Romanus
664 2537 776 2615 placide
794 2537 983 2616 modesteque
998 2537 1074 2597 inter

95 2644 126 2689 sc
140 2642 207 2688 rem
220 2624 368 2705 publicam
379 2622 551 2691 tractabant,
562 2640 659 2701 neque
673 2622 785 2698 gloriae
795 2639 891 2700 neque
902 2621 1074 2682 dominatio·

62 2712 138 2775 tanis
151 2716 301 2772 certamen
315 2710 391 2770 inter
407 2709 475 2770 orvis
490 2714 567 2770 erat:
583 2713 678 2768 menas
692 2706 804 2769 hostilis
818 2707 848 2767 in
862 2705 947 2766 bonis
963 2703 1075 2765 artibus

94 2796 241 2856 civitatens
255 2792 408 2856 retinebat.
443 2792 493 2855 Set
510 2790 561 2853 ubi
575 2789 624 2853 illa
639 2790 764 2853 formido
778 2787 927 2851 mentibus
941 2790 1073 2858 decessit,
1085 2799 1101 2851 8

93 2878 206 2943 scilicet
226 2894 270 2952 ea,
282 2894 357 2956 quae
371 2893 421 2939 res
435 2875 582 2940 secundae
597 2882 707 2944 amant,
729 2874 844 2936 lascivia
862 2880 950 2951 atqua
970 2890 1072 2950 super·
1109 2904 1112 2909 -

92 2962 141 3026 bia
152 2963 312 3025 moenere.
343 2962 385 3024 lta
404 2960 482 3040 quod
500 2961 530 3021 in
546 2959 675 3020 advorsis
687 2959 778 3020 rebus
792 2964 962 3035 optaverant
975 2957 1102 3025 caiuma

93 3055 250 3127 postquam
269 3045 367 3124 adepti
384 3051 463 3115 sunt,
482 3046 614 3123 asperius
634 3042 827 3120 acerbiusque
843 3041 905 3104 luit.
944 3041 1104 3119 Numquae

61 3146 221 3211 accepere
243 3129 381 3193 nobilitas
401 3128 580 3206 dignitatem,
598 3126 726 3205 populus
738 3126 904 3188 libertatem
924 3126 956 3184 in
970 3123 1075 3184 lubidi-

92 3234 161 3279 nem
174 3221 302 3285 aortere,
319 3213 375 3276 sibi
389 3214 512 3292 quisque
526 3210 634 3273 ducere
648 3211 768 3274 trahere
782 3227 895 3288 rapere.
920 3207 963 3268 lta
979 3208 1076 3267 omnia

90 3302 121 3362 in
138 3301 213 3364 duas
229 3299 320 3381 partis
337 3297 482 3360 abstracta
498 3302 579 3364 sunt,
595 3295 791 3374 respublica,
814 3311 889 3371 quae
902 3290 998 3352 media
1012 3289 1075 3351 lue·

93 3393 153 3454 ret,
178 3383 343 3446 dilacerata.
379 3381 515 3444 Ceterum
527 3377 662 3441 nobilitas
683 3380 809 3442 landone
825 3376 918 3452 magis
935 3371 1101 3452 pollebant
