2378 3864
318 173 358 214 ux
380 169 544 216 11111111
566 170 763 214 exoraretur.
975 156 1033 219 113

55 322 161 401 cuique
182 317 266 381 reddi
289 326 317 382 et
341 319 433 382 aliena
448 328 535 389 tenet,
558 318 628 381 belli
649 320 714 380 iura
734 321 862 383 rescindi
884 323 1034 400 cumipse

54 405 144 466 armis
167 410 260 480 cogat,
280 404 423 465 civitatem
444 404 611 466 confirmari
632 401 738 482 quibus
757 402 1031 484 ademptam'negat

54 487 230 551 concordiae
251 487 343 564 gratia
362 487 458 566 plebei
472 486 657 549 tribuniciam
675 492 847 564 potestatem
864 490 976 550 restitui
998 508 1032 550 er

55 590 112 652 qua
136 587 239 631 omnes
260 569 421 633 discordiae
443 570 595 632 adcensae.
630 570 771 632 Pessume
796 574 925 634 omnium
947 579 1085 651 1111111

54 655 315 734 inpudentissume,
335 653 426 715 tibine
439 660 551 733 egestas
568 654 673 715 civium
695 661 724 714 et
741 653 838 716 luctus
852 673 940 718 curae
954 657 1037 718 suntl

54 740 102 801 oui
125 735 198 798 nihil
223 742 267 798 est
283 737 362 798 domi
383 739 438 815 nisi
458 738 546 798 armis
572 744 690 815 partum
724 743 773 800 aut
799 757 853 818 per
878 741 1027 801 iniuriam.

52 822 187 883 Alterum
212 820 393 883 consulatum
414 822 488 900 petis
510 823 592 900 quasi
612 821 740 900 primum
762 823 933 894 reddideris,
955 823 1033 885 bello

53 904 245 966 concordiam
267 906 383 984 quaeris
406 923 463 984 quo
481 911 565 982 parta
577 903 765 976 disturbatur,
786 908 1031 986 nostriproditor,

52 990 115 1050 istis
129 988 245 1058 infidus,
267 989 358 1049 hostis
380 989 509 1050 omnium
530 988 685 1049 bonorum.
718 989 755 1052 Ut
777 996 804 1052 te
826 1009 922 1071 neque
939 991 1033 1052 homi·

52 1091 125 1135 num
146 1090 242 1152 neque
264 1072 388 1133 deorum
408 1072 513 1150 pudet,
543 1090 616 1150 quos
642 1090 696 1150 per
720 1073 808 1135 fldem
835 1076 1032 1156 autperiurio

52 1155 179 1217 violasti!
201 1156 256 1227 Qui
276 1156 391 1235 quando
414 1153 478 1215 talis
500 1173 546 1225 es,
567 1172 685 1216 maneas
704 1156 733 1216 in
751 1161 894 1219 sententia
912 1166 941 1221 11
963 1161 1032 1221 reti·
1053 1165 1085 1217 11

52 1257 123 1302 1111
142 1257 223 1301 arma
238 1246 267 1300 11
286 1238 400 1310 hortor,
419 1256 478 1301 neu
496 1237 675 1317 prolatandis
693 1239 898 1312 seditionibus,
922 1245 1033 1322 inquies

50 1323 125 1401 ipse.
149 1339 205 1384 111
224 1324 254 1383 in
276 1322 467 1386 sollicitudine
495 1322 634 1384 adtineas.
683 1321 784 1402 Neque
808 1330 838 1384 te
858 1327 1032 1401 prouinciae,

51 1424 150 1487 neque
176 1405 271 1483 leges,
298 1424 394 1486 neque
416 1407 463 1468 dei
485 1410 606 1485 penates
627 1405 718 1466 civem
739 1407 897 1484 patiuntur.
939 1408 1034 1487 Perge

52 1509 109 1569 qua
131 1498 263 1569 coeptas,
289 1497 431 1569 utquam
448 1497 630 1552 maturrume
652 1488 755 1550 merita
777 1490 915 1552 invenias.

137 1572 196 1635 Vos
221 1580 332 1650 autem,
355 1581 453 1653 patres
476 1573 647 1652 conscripti,
676 1590 734 1652 quo
755 1591 848 1653 usque
870 1576 1033 1637 cunctando
1053 1586 1084 1637 17

51 1656 280 1736 rempublicam
301 1658 425 1720 intutam
443 1658 592 1739 patiemini
620 1663 650 1718 et
677 1655 774 1719 uerbis
802 1676 883 1720 arma
912 1666 1033 1740 tempta·

51 1743 139 1805 bitisl
178 1741 305 1805 Dilectus
331 1741 486 1804 advorsum
500 1759 558 1802 -111
579 1741 678 1811 habiti,
705 1743 847 1820 pecuniae
866 1743 983 1820 publice
1005 1751 1034 1806 11

51 1828 187 1905 privatim
203 1830 342 1898 extortae,
366 1827 511 1906 praesidia
531 1824 654 1887 deducta
674 1831 761 1904 atque
774 1827 913 1906 inposita:
936 1846 971 1889 ex
989 1825 1033 1890 lu·

52 1911 152 1974 bidine
179 1909 260 1989 leges
274 1912 476 1991 imperantur,
497 1927 564 1970 cum
592 1909 709 1970 interim
729 1927 781 1970 111
801 1910 913 1989 legatos
935 1920 964 1973 et
983 1912 1034 1973 de·

51 2004 132 2057 oreta
156 1995 274 2074 paratis.
295 1997 409 2064 Quanto
427 1991 613 2056 mehercules
632 1993 742 2055 avidius
761 2011 863 2072 pacem
882 1995 1033 2072 petieritis,

51 2086 132 2142 tanto
162 2077 271 2141 bellum
300 2080 396 2140 acrius
423 2079 491 2147 orit,
519 2095 586 2138 cum
607 2077 755 2153 intelleget
779 2093 811 2139 se
839 2085 919 2140 metu
941 2079 1034 2155 magis

51 2181 140 2242 quam
166 2180 259 2241 aequo
279 2168 309 2222 et
321 2162 401 2223 bono
421 2167 623 2223 sustentatum.
647 2160 721 2222 Nam
739 2162 789 2239 qui
806 2161 907 2222 turbas
926 2168 955 2223 et
967 2179 1031 2223 cae·
1053 2171 1087 2220 114

51 2248 119 2309 dem
135 2248 240 2308 civium
256 2244 351 2308 odisse
369 2247 408 2307 ait
429 2251 459 2306 et
480 2244 517 2305 ob
532 2243 561 2304 id
573 2249 685 2304 armato
703 2242 812 2321 Lepido
832 2263 884 2305 111
904 2246 1032 2307 inermos

51 2333 175 2401 retinet,
193 2347 267 2408 quae
291 2330 372 2392 uictis
394 2327 544 2391 toleranda
563 2335 640 2397 sunt,
664 2345 698 2388 ea
721 2345 788 2388 cum
804 2327 903 2392 facero
917 2331 1034 2408 possitis

50 2415 202 2495 patiamini
220 2414 317 2493 potius
333 2421 441 2476 censet.
485 2412 527 2473 lta
550 2411 591 2471 illi
612 2429 628 2472 a
649 2411 730 2473 vobis
753 2429 871 2490 pacem,
894 2413 976 2475 vobis
996 2414 1032 2475 ab

50 2497 99 2559 ilio
122 2497 233 2559 bellum
254 2498 365 2559 suadet.
389 2498 469 2560 llaec
489 2497 514 2558 si
534 2493 659 2573 placent,
682 2497 707 2557 si
727 2501 807 2556 tante
825 2496 950 2575 torpedo
972 2499 1032 2559 aui·
1053 2509 1085 2561 11

50 2600 115 2643 mos
138 2580 281 2663 obrepsit,
305 2588 338 2644 ut
359 2581 440 2644 obliti
461 2579 606 2642 scelerum
627 2578 744 2651 Cinnae,
767 2581 850 2643 cuius
876 2583 905 2642 in
927 2581 1033 2643 urbem

49 2667 147 2729 reditu
168 2666 258 2730 decus
280 2666 390 2728 ordinis
410 2666 497 2728 huius
512 2664 635 2735 interiit,
657 2663 748 2725 nihilo
767 2666 863 2726 minus
881 2684 932 2727 111
946 2673 1033 2746 atque
1122 2702 1125 2712 ι

50 2752 191 2828 coniuges
210 2758 239 2812 et
254 2750 363 2812 liberos
385 2749 495 2831 Lepido
516 2749 689 2828 permissuri
710 2749 784 2816 sitis,
808 2749 876 2829 quid
892 2767 966 2830 opus
983 2751 1033 2813 de·

50 2834 155 2896 cretici
191 2835 259 2913 quid
280 2834 385 2896 auxilio
408 2833 519 2898 Catuli?
542 2831 618 2902 Quin
640 2833 666 2893 is
688 2829 784 2893 etalii
805 2831 875 2896 boni
894 2852 958 2896 rem
978 2853 1033 2916 pu·
1051 2852 1085 2902 11

48 2919 156 2980 blicam
178 2917 286 2979 frustra
308 2926 420 2980 curant.
448 2919 545 2996 Agite,
574 2923 607 2978 ut
623 2915 719 2978 lubet!
744 2923 847 2998 parate
873 2918 955 2981 vobis
980 2918 1032 2982 Ce-

48 3003 127 3080 thegi
150 3009 237 3081 atque
259 3000 312 3062 alia
335 3002 519 3079 proditorum
540 3001 711 3080 patrocinia,
735 3001 784 3080 qui
804 3000 920 3082 'rapinas
943 3011 972 3065 et
988 3006 1033 3065 iu·

49 3086 152 3148 cendia
174 3087 338 3147 instaurare
360 3087 481 3164 cupiunt
502 3090 532 3144 et
544 3100 649 3146 rursus
664 3084 821 3147 advorsum
833 3088 903 3149 deos
918 3089 1033 3165 penatis

47 3187 152 3232 manus
181 3186 305 3230 armare.
349 3169 399 3231 Sin
419 3167 539 3229 libertas
562 3174 591 3228 et
611 3185 680 3228 1111
707 3171 800 3248 magis
822 3170 952 3248 placent,
983 3170 1033 3232 de·
1102 3201 1105 3205 v

47 3255 159 3316 cernite
183 3253 270 3332 digna
295 3255 413 3316 1111111
446 3259 475 3314 11
502 3258 608 3328 augete
631 3254 782 3332 ingenium
804 3255 872 3316 uiris
897 3253 1031 3315 sortibus.

46 3338 248 3400 1111111111
270 3338 430 3411 exercitus,
453 3335 490 3398 ad
512 3333 571 3395 hoc
590 3333 722 3399 coloniae
748 3345 878 3399 veterum
899 3337 1081 3410 militumr}

45 3421 183 3484 nobilitas
206 3422 314 3489 omnis.
353 3421 443 3487 duces
474 3419 602 3500 optumi:
635 3419 752 3483 fortuna
775 3420 912 3488 meliores
937 3425 1033 3503 sequi·

93 3519 230 3574 Senecae.
865 3509 894 3569 Q
