2378 3864
264 195 307 236 aa
327 195 430 238 aeneo
453 194 654 239 rvuvarume
678 196 706 238 o.
727 188 770 243 32.
791 187 837 244 33.
858 188 901 243 et.
1029 181 1068 240 59
1142 224 1146 230 -

179 340 253 402 Dum
275 341 347 401 haee
368 341 478 402 Romae
500 349 659 420 geruntur,
682 346 731 422 qui
751 346 781 404 in
795 344 929 405 Numidia
944 344 1038 408 relicti
1053 359 1094 408 ae

92 425 188 487 Bestia
204 425 344 485 exercitui
358 432 515 501 praeerant
528 429 620 487 secuti
633 428 995 505 maremimperatmissui
1005 429 1069 506 plu·

91 525 177 570 ruma
192 515 221 568 et
234 507 465 586 flagitiosissuma
479 507 608 570 memora
621 510 734 572 lesere:
748 511 833 573 fuere
848 512 896 589 qui
910 528 983 571 euro
997 524 1092 576 eon-3

91 592 172 669 rupti
185 590 355 669 elephantos
369 590 526 669 Iugurthae
539 593 701 663 traderent,
713 592 764 655 ¹alii
777 593 916 672 perlegas
932 595 1066 665 vendere,

70 693 161 752 epars
183 694 219 736 ex
232 675 342 752 paratis
356 674 483 752 :praedas
496 675 637 752 agebant:
658 683 738 753 tama
751 679 793 738 vis
805 678 947 737 auaritiae
961 678 991 737 in
1006 679 1093 745 ani-4

92 777 156 823 mes
177 774 280 819 eorum
297 755 384 817 rabuli
403 757 484 818 tubes
504 760 657 820 inuaserat.

176 843 212 901 m
229 841 343 902 Cassiae
355 840 466 919 perlata
480 844 634 920 rogatione
644 861 664 904 a
682 844 716 906 G.
731 841 869 904 Memmia
882 860 917 904 ee
932 843 1092 921 perculsas

92 927 172 986 ommi
186 924 336 985 nobilitate
349 923 387 985 ad
403 924 573 1003 Iugurtham
592 926 795 1003 proficiscitur,
815 927 902 1006 elque
917 927 1017 987 timida
1039 934 1069 989 et

92 1027 128 1070 ex
144 1005 318 1070 eonscientiu
338 1007 479 1069 dillidemi
497 1007 588 1069 rebus
606 1010 666 1071 suis
686 1008 858 1087 persuadet,
878 1010 1014 1088 maniam
1035 1028 1067 1072 se

58 1091 201 1172 adpopulo
212 1091 343 1152 Romano
359 1091 493 1160 dedisset,
512 1109 550 1152 ue
570 1094 629 1152 uim
648 1109 736 1172 quam
755 1093 984 1155 misericerdiam
1006 1095 1067 1156 elus

91 1177 220 1254 experiri
235 1173 342 1236 mallet.
370 1175 506 1235 Privatim
524 1185 676 1253 praeterea
690 1176 778 1237 iidem
799 1193 882 1237 suam
900 1179 1066 1255 mmmmuit,

91 1272 179 1339 mum
207 1258 256 1320 ille
283 1274 343 1318 neu
372 1258 492 1318 ninom
519 1275 607 1337 quam
623 1258 770 1336 publicam
788 1258 929 1321 ducebata
950 1259 1016 1321 talis
1033 1279 1067 1323 ea
1077 1266 1116 1328 33

90 1349 263 1422 tempestate
280 1342 356 1403 lama
371 1342 408 1403 de
422 1341 519 1402 Cassio
533 1350 605 1402 erat.
639 1342 731 1419 lgitur
743 1343 885 1420 iugarma
901 1349 1002 1404 eontra
1012 1345 1067 1405 ee-

92 1444 146 1488 cus
161 1427 275 1505 regium
294 1425 375 1486 ealuu
389 1442 479 1503 quem
491 1440 631 1487 maxume
645 1425 802 1488 miserabili
816 1440 884 1487 eum
895 1426 996 1488 Cassio
1009 1422 1067 1488 lie·

56 1526 170 1574 samam
187 1511 273 1571 venit.
303 1509 494 1579 lu·,·eametsi
504 1508 538 1571 ia
551 1510 614 1586 ipsa
630 1525 735 1586 magna
747 1511 790 1571 ria
805 1511 893 1570 arbai
910 1517 981 1579 erat,
997 1526 1089 1575 ean-2

88 1595 224 1656 firmans
245 1592 281 1654 ab
300 1590 451 1662 ummbas,
475 1603 602 1671 quarum
619 1595 751 1670 >potentia
765 1600 815 1657 aut
834 1593 945 1655 saulem
963 1591 1066 1654 runata

91 1694 126 1739 ee
137 1683 281 1754 gesserat,
292 1692 368 1755 quae
381 1693 471 1754 supra
486 1677 618 1746 diuisurus,
629 1679 668 1740 a.
684 1676 826 1739 Baebium
840 1677 990 1738 tribunum
1005 1676 1066 1755 ple·

91 1761 139 1823 bei
161 1773 266 1838 magua
284 1758 419 1820 meraede
439 1766 537 1836 parat,
558 1762 642 1821 euius
662 1761 830 1839 inpudentia
852 1767 952 1822 amara
973 1761 1018 1821 ius
1038 1767 1067 1823 et

92 1845 212 1905 iniurias
229 1843 327 1903 amnis
353 1842 483 1903 munius
504 1842 590 1905 leret.
633 1844 670 1904 lt
694 1844 728 1904 G.
750 1844 903 1906 Memmius
929 1845 1093 1913 advocatae

57 1947 82 1990 aa
93 1929 237 1996 contione,
255 1938 431 2004 quamquam
445 1927 509 2004 regi
521 1926 625 1988 infesta
639 1926 741 2005 plebes
759 1935 821 1989 erut
836 1936 865 1989 et
878 1943 948 2007 pars
960 1929 991 1988 in
1004 1930 1064 1988 viai·

92 2009 231 2073 euladuei
239 2009 371 2081 iubebat,
383 2025 462 2089 pars,
475 2013 533 2072 nisi
542 2013 638 2073 sedas
647 2009 773 2072 sceleris
782 2014 830 2073 sui
840 2014 1066 2092 aperiretmore

91 2095 236 2154 maiorum
248 2093 284 2153 de
298 2091 382 2152 hoste
395 2091 568 2170 subplicium
580 2095 665 2163 sami,
681 2094 818 2171 dignitati
825 2111 912 2172 quam
926 2095 988 2155 irae
1004 2108 1064 2154 ma·

91 2180 136 2254 gis
152 2175 306 2237 sanamus
318 2175 423 2236 sedare
437 2182 533 2236 matus
550 2183 579 2236 et
594 2178 705 2237 animos
719 2193 823 2238 eurum
838 2176 965 2248 mollire,
985 2184 1065 2256 pest·

91 2274 175 2322 rema
196 2258 369 2320 confirmare
387 2257 475 2320 idem
494 2258 640 2336 publicam
661 2270 716 2337 par
735 2272 801 2321 sese
814 2259 977 2321 inviolatam
990 2259 1064 2322 iare.

57 2345 170 2413 aal'ust,
193 2342 244 2404 ubi
263 2340 410 2403 silentiam
432 2343 536 2419 eoepit
553 2343 697 2419 prodimus
715 2341 857 2422 iugurtha
877 2344 966 2405 rerba
987 2344 1090 2413 lamus

92 2427 202 2488 Romae
217 2425 427 2503 Numidiaeque
444 2424 573 2486 larium
592 2427 655 2486 eius
667 2435 825 2496 memorat,
845 2426 956 2489 seelera
970 2429 1000 2488 in
1014 2442 1065 2507 pu·

91 2518 168 2572 ‘rem
188 2508 351 2586 fratresque
368 2508 510 2568 usteadit:
532 2508 637 2586 quibus
658 2509 821 2570 iuuantibus
835 2509 998 2588 ‹salbusepae
1011 2513 1064 2570 mi·

92 2594 191 2655 nistris
213 2608 247 2653 ea
268 2593 376 2668 egerit,
399 2605 573 2670 quamquam
595 2591 741 2668 intellegat
762 2593 887 2671 papulus
906 2589 1063 2664 Romanus,

90 2686 189 2737 tumea
203 2674 276 2736 uelle
290 2675 451 2736 manufesta
466 2675 559 2751 magis
573 2693 610 2737 ex
630 2675 680 2736 ille
697 2675 822 2737 babere:
840 2677 866 2735 si
879 2686 981 2736 uarum
995 2692 1064 2754 ape·

57 2762 162 2829 uariat,
186 2760 216 2819 in
234 2757 291 2819 ilde
307 2765 339 2820 et
356 2759 511 2820 elementia
524 2759 623 2838 populi
635 2759 760 2829 llamaui
773 2775 909 2836 maguam
927 2777 1009 2839 spem
1023 2759 1064 2822 llli

89 2845 190 2911 sitam,
209 2843 258 2902 sin
275 2842 412 2912 mineat,
440 2859 501 2902 non
517 2843 706 2904 sumissuluti
722 2842 804 2913 iare,
823 2849 868 2904 set
887 2860 919 2904 se
939 2860 1064 2922 suasque

89 2942 159 3005 spes
174 2931 395 3001 corrupturum.
421 2925 540 2995 Deinde,
552 2926 606 2986 ubi
620 2927 772 2987 Memmius
786 2927 903 2987 dicandi
916 2924 1005 2987 linem
1021 2924 1062 2987 la·
1074 2933 1111 2993 34

87 3012 131 3071 eit
157 3015 186 3070 et
202 3007 342 3085 iugurtha
358 3008 537 3085 respondere
552 3010 648 3070 iussus
660 3016 716 3078 esu
731 3008 769 3070 (lt
784 3009 908 3071 Baebius
927 3010 1063 3070 tribunus

89 3091 202 3171 plebei,
218 3108 307 3170 quem
320 3091 443 3168 peermia
459 3100 633 3168 caeruleum
654 3104 743 3171 supra
757 3093 890 3163 diximus,
905 3096 1006 3170 regem
1018 3101 1062 3152 ta·

57 3193 161 3240 meere
178 3174 269 3243 iubet,
289 3191 324 3234 ae
337 3175 451 3234 mmetsi
466 3173 628 3244 multituda,
651 3194 727 3254 quae
745 3178 777 3236 iu
797 3178 931 3237 eunuaue
952 3175 1061 3246 aderat,

92 3257 280 3320 vehementer
293 3256 418 3318 adema
430 3255 562 3318 terrebat
576 3262 644 3320 eum
664 3258 792 3321 elamore
808 3259 896 3328 vultu,
917 3274 1005 3336 saepe
1018 3259 1061 3319 iu·

91 3347 161 3419 peta
182 3349 270 3420 atque
291 3340 353 3401 aliis
368 3339 507 3402 ¹amnibus
526 3356 604 3418 quae
624 3343 669 3403 ira
687 3343 754 3404 lieri
773 3349 860 3413 amat,
880 3341 947 3401 rieil
965 3347 1062 3402 tamen

90 3424 269 3504 inpudentia.
306 3423 348 3485 lta
361 3422 488 3502 populus
497 3423 624 3486 ludibrio
640 3425 756 3488 habitus
771 3444 806 3487 ex
822 3425 955 3486 contione
970 3424 1088 3493 disee-2
