2378 3864
145 181 186 244 34
294 200 337 242 nu
356 199 529 244 ourmman
554 201 796 245 oourvnarroua
819 202 847 246 o.
867 193 912 249 57·
932 194 978 248 58.

144 350 271 420 sidebat,
295 368 331 412 ex
348 348 515 411 difficultate
532 367 634 410 rerum
652 351 754 412 eadem
769 350 817 412 illa
834 351 1029 421 existumans,
1054 369 1125 432 quae

117 448 233 513 asupra
256 434 396 504 diximus,
419 432 571 495 Catilinam
588 436 708 513 agitare.
751 434 843 513 Igitur
862 434 914 495 ubi
927 436 985 496 iter
1007 437 1072 498 eius
1093 456 1125 500 ex

144 519 276 597 perfugis
292 519 436 596 cognovit,
454 524 549 579 castra
570 535 699 597 propere
719 520 810 580 movit
824 537 859 579 ac
880 518 935 580 sub
955 521 1029 597 ipsis
1051 524 1125 585 radi·

145 602 228 664 cibus
244 604 387 663 montium
408 602 554 673 consedit,
576 620 633 680 qua
651 602 692 664 illi
707 603 865 664 descensus
879 610 943 664 erat
957 605 988 664 in
1006 604 1126 668 Galliam

117 687 322 764 eproperanti.
345 685 447 764 Neque
459 693 557 748 tamen
567 686 709 748 Antonius
720 686 824 765 procul
835 686 946 754 aberat,
958 694 1064 767 utpote
1081 693 1143 771 quit

144 788 250 848 magno
266 770 396 831 exercitu
409 769 482 831 loeis
496 770 683 849 aequioribus
698 770 833 848 expedito
851 773 974 816 *****
983 779 1003 816 ²
1019 775 1052 834 in
1062 775 1127 854 iuga

118 860 326 933 esequeretur.
352 853 404 914 Set
417 853 538 915 Catilina
552 860 708 932 postquam
721 855 799 916 videt
811 853 960 916 montibus
975 863 1067 936 atque
1081 876 1126 920 co·

143 939 200 1016 piis
211 939 338 998 hostium
349 955 414 999 sese
427 937 568 1007 clausum,
579 939 609 997 in
620 939 753 1000 urberes
762 938 914 1008 advorsae,
928 957 1029 1019 neque
1043 942 1128 1021 fugae

143 1040 240 1100 neque
256 1022 384 1100 praesidi
397 1021 486 1082 ullam
500 1039 592 1100 spem,
614 1029 766 1100 optumum
788 1023 866 1083 lactu
883 1029 965 1085 ratus
979 1026 1011 1085 in
1030 1025 1082 1088 tali
1097 1044 1127 1088 rc

144 1106 291 1166 fortunam
306 1105 376 1166 belli
392 1108 655 1184 temptare,statuit
669 1125 737 1168 cum
753 1107 878 1167 trunio
894 1125 983 1186 quam
999 1111 1151 1187 primumn

144 1189 313 1268 confligere.
354 1190 456 1268 Itaque
472 1190 609 1252 contione
623 1191 763 1253 advocata
779 1189 999 1252 huiuscemodi
1020 1195 1127 1254 oratic·

144 1293 212 1336 nem
232 1274 347 1336 hahuit:
1083 1316 1086 1321 -

93 1369 133 1433 58
228 1358 418 1437 ‘Conpertum
439 1377 494 1439 ego
517 1358 629 1427 habeo,
659 1358 778 1430 milites,
800 1358 890 1420 verba
911 1360 1050 1421 virtutem
1071 1378 1128 1422 non

144 1445 262 1514 addere,
280 1461 377 1521 neque
397 1462 434 1505 ex
453 1446 557 1522 ignavo
571 1452 724 1504 strenuum
740 1461 837 1522 neque
856 1443 963 1504 fortem
977 1461 1015 1504 ex
1028 1445 1128 1507 timido

82 1538 85 1543 “
117 1530 307 1596 nexercitum
322 1530 453 1589 oratione
463 1528 639 1605 inperatoris
648 1527 722 1588 fieri.
744 1528 857 1599 Quanta
873 1527 1016 1605 cuiusque
1033 1528 1154 1590 animoa

146 1613 267 1673 audacia
278 1618 384 1673 natura
398 1619 448 1672 aut
457 1610 591 1670 moribus
605 1611 688 1679 inest,
702 1616 782 1671 tanta
792 1612 823 1670 in
836 1609 914 1671 bello
928 1617 1031 1688 patere
1042 1611 1126 1677 solet.

142 1696 235 1766 Quem
248 1712 344 1771 neque
356 1695 446 1772 gloria
459 1711 556 1771 neque
570 1691 701 1770 pericula
716 1695 851 1765 excitant,
866 1696 1046 1773 nequiquam
1061 1695 1129 1757 hor·

118 1784 223 1845 aiere:
243 1779 331 1837 timor
353 1777 442 1837 animi
463 1775 584 1837 auribus
600 1776 707 1837 obiicit.
741 1778 792 1839 Set
811 1795 865 1856 ego
887 1795 938 1837 vos
960 1797 1019 1858 quo
1037 1797 1128 1858 pauca

144 1878 298 1921 monerem
314 1859 460 1928 advocavi,
476 1861 562 1921 simul
576 1862 619 1920 uti
642 1879 759 1922 eausam
781 1863 839 1922 mei
855 1861 956 1922 consili
972 1864 1127 1940 aperirem.

118 1967 135 2013 4
230 1944 314 2005 Scitis
330 1943 475 2022 equidem,
493 1944 607 2011 milites,
629 1945 763 2004 socordia
781 1952 867 2024 atque
886 1946 998 2023 ignavia
1016 1945 1156 2008 Lentulis

145 2035 282 2108 quantam
301 2028 357 2106 ipsi
366 2027 510 2105 nobisque
523 2027 635 2088 cladem
649 2027 795 2098 adtulerit,
812 2046 929 2107 quoque
939 2029 1044 2101 modo,
1060 2032 1129 2092 dum

146 2134 182 2176 ex
197 2115 270 2177 urbe
291 2114 438 2194 praesidia
452 2112 606 2192 obperior,
628 2113 660 2172 in
677 2111 801 2174 Galliam
821 2113 971 2189 proticisci
992 2115 1119 2188 nequire

115 2203 212 2268 erim.
257 2199 343 2261 Nunc
365 2214 434 2259 vero
457 2215 515 2275 quo
537 2195 603 2257 loco
618 2213 666 2257 res
682 2202 801 2257 nostrae
815 2198 888 2266 sint,
910 2196 992 2256 iuxta
1013 2213 1131 2258 mecum

119 2298 248 2349 somnes
269 2283 443 2359 intellegitis.
484 2280 637 2342 Exercitus
656 2281 784 2341 hostium
802 2280 871 2348 duo,
896 2296 973 2340 unus
991 2279 1029 2341 ab
1044 2280 1129 2349 urbe,

146 2367 219 2428 alter
239 2365 360 2426 aGallia
378 2364 509 2426 obstant:
532 2364 639 2426 diutius
657 2367 687 2425 in
705 2365 752 2425 his
768 2365 840 2425 locis
854 2381 932 2432 esse,
952 2365 976 2423 si
993 2378 1158 2426 maxumea

146 2452 260 2512 animus
276 2449 366 2520 ierat,
382 2449 521 2512 frumenti
537 2456 625 2528 atque
639 2449 761 2511 aliarum
776 2466 877 2510 rerum
895 2453 1009 2525 egestas
1030 2448 1131 2527 prohi-

95 2550 112 2598 7
121 2533 212 2599 8bet:
228 2552 414 2613 quocumque
432 2536 475 2595 ire
491 2534 596 2612 placet,
611 2532 690 2594 ierro
706 2535 761 2593 iter
777 2531 970 2609 aperiundum
986 2537 1040 2591 est.
1069 2531 1133 2602 Qua

147 2627 268 2697 propter
284 2638 335 2679 vos
347 2635 467 2686 moneo,
483 2621 526 2679 uti
541 2618 610 2676 forti
622 2623 709 2694 atque
724 2622 826 2693 parato
842 2614 939 2674 animo
950 2615 1012 2673 sitis
1024 2622 1053 2675 et
1065 2633 1135 2677 oum
1187 2671 1189 2678 ,

146 2703 290 2782 proelium
298 2703 405 2765 inibitis
415 2701 604 2762 memineritis
615 2716 666 2758 vos
678 2699 787 2759 divitias
799 2696 889 2757 decus
900 2694 1032 2772 gloriam,
1045 2716 1134 2775 prae·
1188 2695 1189 2702 '

147 2794 229 2847 terea
256 2788 420 2850 libertatem
439 2792 525 2863 atque
552 2783 676 2860 patriam
701 2783 731 2842 in
746 2781 855 2842 dextris
873 2779 978 2838 vostris
1000 2787 1161 2856 portares

123 2869 180 2938 ssi
197 2872 353 2942 vincimus,
381 2871 476 2931 omnia
499 2867 583 2928 nobis
604 2873 666 2927 tuta
689 2871 789 2934 erunt,
812 2867 982 2925 conmeatus
1003 2861 1134 2938 abunde,

148 2956 306 3034 municipia
327 2962 414 3035 atque
436 2953 566 3015 coloniae
592 2949 749 3030 patebunt:
778 2950 822 3009 sin
843 2952 924 3009 metu
947 2950 1133 3021 cesserimus,

107 3058 141 3110 10
150 3041 252 3101 eadem
270 3039 318 3100 illa
339 3040 461 3100 advorsa
476 3040 560 3099 flent:
583 3054 680 3116 neque
697 3033 780 3095 locus
811 3050 907 3113 neque
928 3034 1040 3093 amicus
1054 3038 1135 3113 quis-

108 3140 240 3204 11quam
259 3131 347 3200 teget,
371 3142 459 3202 quem
481 3141 561 3184 arma
577 3139 636 3181 non
652 3120 788 3183 texerint.
822 3119 993 3186 Praeterea,
1017 3117 1133 3188 milites,

149 3226 210 3270 non
226 3209 328 3270 eadem
344 3206 430 3267 nobis
452 3217 481 3268 et
494 3207 549 3268 illis
563 3205 748 3269 necessitudo
764 3202 918 3283 inpendet:
939 3218 994 3260 nos
1009 3219 1065 3280 pro
1079 3216 1162 3282 pau

149 3295 205 3354 tria
221 3312 275 3373 pro
291 3293 425 3354 libertate
441 3310 496 3369 pro
508 3294 564 3352 rita
580 3299 735 3355 cenamus,
751 3288 807 3349 illis
824 3302 1076 3365 supervacaneum
1091 3293 1135 3349 est

148 3400 204 3462 pro
226 3381 356 3461 potentia
376 3390 540 3454 paucorum
562 3388 704 3449 pugnare.

111 3477 143 3528 12
237 3463 301 3535 Quo
317 3461 456 3522 audacius
468 3458 842 3543 adgrediamini,memores
855 3457 994 3536 pristinae
1008 3455 1132 3517 virtutis.
