2378 3864
138 161 157 223 8
220 181 263 223 ou
286 179 457 224 exaremus
481 180 723 224 oonrvnarronu
746 181 773 223 c.
796 172 839 228 14.
862 175 905 228 15.
928 173 970 227 16.
995 173 1039 229 17.

139 337 227 408 atque
238 347 329 409 equos
344 331 478 399 mercari,
491 335 639 406 postremo
653 347 749 409 neupre
764 330 893 407 sumptui
908 347 1004 409 neque
1019 332 1121 395 mode·

139 414 212 474 stiae
226 429 296 475 suae
311 430 442 491 parcere,
459 412 529 473 dum
544 411 609 473 illos
623 412 766 474 obnoxios
779 414 913 492 fidosque
928 414 983 474 sibi
1000 415 1121 478 faceret.

112 498 207 560 'tScio
219 497 307 558 fixisse
318 494 474 556 nonnullos
486 497 536 574 qui
546 497 585 556 ita
599 498 820 568 existumarent,
837 500 1030 570 iuventutem,
1048 517 1123 578 quae

140 582 261 643 domum
283 579 419 642 Catilinae
441 580 661 658 frequentabat,
684 597 790 658 parum
812 582 933 643 honeste
952 582 1123 659 pudicitiam

140 665 293 733 habuisse,
316 669 360 724 set
382 681 417 723 ex
442 661 504 724 aliis
528 663 618 724 rebus
640 666 749 743 magis,
777 684 864 745 quam
886 665 964 744 quod
986 667 1141 748 cuiquams

92 750 172 812 ibid
193 755 367 826 conpertum
382 749 465 819 toret,
486 748 559 809 haec
578 748 655 808 lama
670 747 794 811 valebat.
827 750 889 810 lam
902 745 1032 826 primum
1052 752 1123 814 adu·

142 833 255 895 lescens
271 829 390 892 Catilina
404 831 494 891 multa
518 831 642 892 nefanda
659 838 760 910 stupra
779 833 902 903 lecerat,
926 852 995 894 cum
1010 837 1124 914 virgine

142 915 247 986 nobili,
264 934 331 976 cum
344 916 497 976 sacerdote
512 915 629 985 Vestae,
654 914 708 977 alia
729 917 945 978 huiuscemodi
961 921 1124 981 contraius

113 1001 254 1079 alasque.
287 999 439 1060 Postremo
457 1006 559 1077 captus
574 1017 674 1060 amore
696 1000 830 1062 Aureliae
848 1000 1015 1071 Orestillae,
1041 1005 1124 1065 cuius

142 1090 259 1163 praeter
287 1082 413 1144 formam
441 1082 514 1144 nihil
540 1101 680 1162 umquam
695 1083 791 1146 bouus
819 1085 960 1155 laudavit,
990 1089 1071 1165 quod
1092 1105 1150 1150 ean

141 1167 256 1229 nubere
272 1165 313 1228 illi
327 1167 478 1229 dubitabat
492 1169 597 1229 timens
612 1169 777 1248 privignum
791 1168 922 1231 adultum
937 1174 1049 1241 aetate,
1070 1190 1124 1249 pro

143 1258 224 1315 certo
247 1251 376 1312 creditur
389 1258 493 1313 necato
516 1252 574 1313 tilio
592 1271 713 1314 vacuam
728 1253 849 1314 domum
865 1251 994 1314 scelestis
1016 1257 1125 1335 nuptiis

114 1338 255 1399 eiecisse.
300 1333 381 1405 Quae
404 1337 521 1415 quidem
547 1354 596 1398 res
617 1337 689 1397 mihi
711 1338 740 1397 in
761 1338 863 1415 primis
884 1337 998 1398 ridetur
1022 1356 1125 1400 caussa

117 1420 233 1482 4luisse
254 1420 390 1481 facinoris
411 1421 585 1482 matmandi.
618 1420 751 1500 Namque
773 1423 887 1482 animus
902 1422 1041 1498 inpurus,
1064 1423 1126 1485 deis

143 1504 370 1583 hominibusque
383 1503 514 1575 infestus,
530 1504 740 1584 nequerigiliis
755 1522 853 1584 neque
869 1503 1015 1583 quietibus
1030 1508 1153 1569 sedariu

115 1596 273 1668 opoterat:
289 1589 329 1649 ita
347 1590 523 1650 couscientia
540 1594 668 1648 mentem
683 1590 806 1648 excitam
817 1588 956 1649 vastabat.
970 1588 1065 1665 Igitur
1078 1609 1125 1652 co·

142 1673 187 1734 los
202 1675 229 1734 ei
245 1672 399 1749 exanguis,
415 1672 493 1732 foedi
507 1670 599 1740 oculi,
621 1671 695 1732 citus
708 1671 796 1731 modo
812 1672 899 1732 modo
915 1673 1016 1733 tardus
1032 1675 1126 1736 inces-

96 1759 133 1827 16
146 1774 214 1818 sus:
236 1771 360 1833 prorsus
381 1755 412 1814 in
433 1755 506 1815 lacie
520 1752 658 1833 voltuque
670 1755 806 1816 vecordia
824 1756 927 1816 iuerat.
961 1756 1012 1817 Set
1026 1759 1126 1820 iuven-

145 1846 252 1910 tutem,
276 1857 380 1919 quarn,
402 1845 436 1899 ut
457 1855 546 1918 supra
567 1839 707 1910 diximus,
729 1838 885 1910 inlexerat,
912 1838 1011 1901 multis
1033 1843 1126 1903 modis

118 1923 220 1990 amala
237 1924 366 1984 facinora
385 1922 536 1984 edocebat.
568 1921 612 1982 Ex
626 1921 682 1983 illis
701 1924 781 1983 testis
800 1925 1023 2004 signatoresque
1038 1925 1155 1988 falsosn

146 2008 348 2070 commodare:
363 2007 452 2068 tidem
466 2007 597 2066 fortunas
610 2005 740 2084 pericula
754 2006 820 2068 vilia
834 2007 960 2077 habere,
977 2016 1061 2087 post,
1077 2011 1127 2071 ubi

146 2111 249 2154 eorum
271 2091 379 2153 lamam
400 2095 487 2169 atque
508 2088 653 2166 pudorem
674 2090 844 2159 adtriverat,
874 2092 986 2152 maiora
1009 2092 1065 2154 alia
1085 2095 1127 2154 in·

118 2177 283 2256 aperabat:
306 2178 331 2236 si
350 2189 452 2237 caussa
468 2173 611 2251 peccandi
625 2175 654 2233 in
669 2191 810 2251 praesens
825 2175 922 2234 minus
943 2176 1127 2254 subpetebat,

146 2260 237 2321 nihilo
264 2261 362 2321 minus
384 2257 507 2318 insontis
527 2257 612 2317 sicuti
639 2259 730 2317 sontis
752 2259 963 2320 circumvenire
984 2260 1126 2340 iugulare:

146 2343 308 2406 scilicetne
329 2359 383 2420 per
402 2340 493 2401 otium
514 2347 716 2420 torpescerent
734 2359 839 2403 manus
854 2349 905 2403 aut
922 2344 1046 2414 animus,
1062 2362 1171 2424 gra-o-

119 2428 219 2488 ttuito
237 2428 333 2503 potius
347 2423 440 2486 malus
455 2432 542 2504 atque
557 2424 685 2486 crudelis
705 2432 776 2487 erat.
805 2427 854 2487 Eis
867 2428 968 2488 amicis
983 2429 1130 2508 sociisque

147 2510 274 2572 confisus
290 2508 426 2579 Catilina,
450 2509 536 2570 simul
551 2509 629 2588 quod
650 2526 699 2570 aes
714 2508 839 2571 alienum
855 2523 909 2588 per
925 2512 1020 2572 omnis
1034 2518 1130 2574 terras

147 2597 250 2673 ingens
271 2601 349 2664 erat,
373 2601 402 2655 et
424 2594 502 2672 quod
522 2592 655 2673 plerique
677 2593 788 2655 Sullani
809 2594 924 2665 milites,
945 2594 1056 2673 largius
1075 2613 1129 2656 suo

147 2679 207 2748 usi,
226 2679 397 2756 rapinarum
419 2683 448 2738 et
467 2679 606 2737 victoriae
627 2679 731 2738 veteris
746 2696 892 2740 memores
915 2678 996 2739 civile
1017 2677 1130 2739 bellum

120 2761 341 2839 oexoptahant,
363 2760 576 2840 obprimundae
595 2762 639 2820 rei
656 2761 792 2839 publicae
813 2761 966 2832 consilium
981 2763 1067 2838 cepit.
1096 2763 1159 2828 lun

147 2844 227 2907 ltalia
240 2845 338 2907 nullus
353 2847 512 2913 exercitus,
530 2844 584 2904 Cn.
595 2844 752 2925 Pompeius
767 2848 796 2907 in
812 2846 948 2907 extremis
961 2844 1048 2904 terris
1065 2843 1130 2905 bel-

147 2929 208 2990 lum
232 2928 359 3008 gerebat,
383 2929 437 3008 ipsi
458 2926 642 2989 consulatum
663 2931 772 3007 petenti
786 2946 891 3008 magna
907 2945 989 3008 spes,
1010 2935 1131 2991 senatus

148 3012 220 3073 nihil
240 3031 312 3074 sane
334 3014 477 3073 intentus:
488 3019 572 3073 tutae
586 3013 818 3093 tranquillaeque
832 3031 881 3074 res
898 3029 1013 3081 omnes,
1036 3019 1081 3073 set
1096 3033 1130 3074 ca

148 3115 271 3178 prorsus
288 3103 453 3175 opportuna
474 3097 624 3161 Catilinae.

101 3188 138 3248 17
234 3182 326 3260 Igitur
348 3181 463 3242 circiter
485 3179 630 3242 Kalendas
651 3181 748 3242 lunias
762 3181 793 3241 L.
817 3181 940 3242 Caesare
956 3177 1013 3260 [et]
1032 3180 1067 3242 G.
1083 3181 1161 3250 lli-u

151 3267 220 3345 gulo
232 3263 401 3328 consulibus
413 3266 508 3344 primo
521 3265 651 3345 singulos
662 3263 822 3342 adpellare,
841 3264 952 3324 hortari
964 3262 1036 3324 alios
1059 3265 1131 3326 alios

150 3358 309 3430 temptare:
325 3366 396 3428 opes
410 3366 486 3419 suas,
498 3350 660 3429 inparatam
674 3347 909 3428 rempublicam,
926 3363 1033 3425 magna
1045 3366 1131 3427 prae·

123 3437 207 3503 amia
231 3434 439 3498 coniurationis
459 3434 575 3495 docere.
624 3432 680 3494 Ubi
701 3434 770 3493 satis
791 3429 942 3511 explorata
965 3440 1034 3494 sunt
1057 3452 1132 3514 quae
